2232 3522
593 286 862 328 PUBLILII
903 284 1040 325 SYRI
1082 282 1491 324 SENTENTIAE.
1852 279 1913 333 35

275 415 456 484 Quem
497 416 644 467 bono
682 422 870 466 tenere
908 430 1018 465 non
1060 413 1318 480 potueriS,
1356 410 1642 462 contineas
1682 409 1842 461 malo.

140 501 332 574 *Quod
371 503 554 554 senior
591 502 848 569 loquitur,
886 517 1078 558 omnes
1117 498 1408 550 consilium
1449 503 1661 563 putant.

47 575 143 652 7⁶3
168 588 352 656 Quam
394 589 651 640 miserum
691 595 774 639 est
814 587 906 639 ubi
946 595 1000 637 te
1039 587 1280 653 capiunt,
1318 585 1413 652 qui
1452 583 1846 636 defenderunt!

167 675 332 743 Quod
372 678 605 744 quisque
643 683 794 726 amat
833 674 1113 725 laudando
1151 671 1509 724 commendat
1546 670 1662 723 sibi.

167 761 348 829 Quem
388 761 601 829 diligas,
639 762 807 813 etiam
847 760 1000 827 queri
1039 759 1109 810 de
1148 759 1268 826 ipso
1308 756 1516 808 malum
1556 764 1652 807 est.
1844 765 1924 807 600

167 849 278 918 Qui
315 851 467 901 venit
505 857 566 901 ut
605 857 818 911 noceat,
855 863 1075 914 semper
1112 845 1412 897 meditatus
1451 843 1615 895 venit.

168 934 307 1002 Quis
347 937 606 987 miserum
645 935 822 996 sciret,
859 933 1028 986 verba
1068 934 1169 984 nisi
1208 932 1436 984 haberet
1474 930 1671 982 dolor?

93 1039 144 1077 σο
168 1021 352 1089 Quam
381 1023 639 1074 miserum
668 1029 751 1072 est
778 1037 901 1072 cum
930 1037 988 1071 se
1016 1027 1243 1071 renovat
1269 1026 1662 1085 consumptum
1691 1015 1922 1068 malum!

276 1108 504 1177 Quanto
542 1108 714 1160 serius
753 1115 1026 1175 peccatur,
1064 1115 1222 1158 tanto
1260 1106 1519 1174 incipitur
1556 1105 1781 1172 turpius

168 1194 352 1263 Quam
393 1197 558 1247 miser
595 1203 693 1258 est,
734 1195 828 1261 qui
867 1211 1135 1245 excusare
1173 1194 1277 1245 sibi
1317 1211 1375 1245 se
1415 1210 1524 1245 non
1565 1192 1781 1260 potest!
1844 1203 1922 1254 605

167 1280 294 1348 Quo
333 1299 541 1342 caveas,
581 1298 705 1332 cum
746 1281 961 1331 animus
1001 1279 1166 1343 aliud,
1205 1280 1371 1331 verba
1409 1278 1558 1330 aliud
1599 1278 1836 1346 petunt?

167 1367 278 1435 Qui
317 1369 519 1420 invitus
557 1368 741 1430 servit,
780 1366 841 1417 fit
880 1367 1058 1428 miser,
1097 1368 1263 1419 servit
1300 1375 1501 1418 tamen.

93 1473 144 1511 σε
168 1454 335 1523 Quod
374 1463 459 1507 est
496 1454 809 1507 timendum
849 1454 1070 1520 decipit,
1110 1455 1155 1505 si
1196 1453 1469 1523 neglegas,

168 1542 319 1611 Quid
360 1543 460 1595 tibi
501 1542 736 1611 pecunia
773 1558 914 1608 opus
954 1549 1052 1603 est,
1091 1541 1135 1591 si
1175 1542 1253 1592 uti
1295 1558 1405 1592 non
1444 1540 1643 1608 potes?

168 1628 335 1696 Quod
374 1629 560 1696 fugere
598 1629 805 1688 credaS‚
843 1643 1008 1694 saepe
1048 1626 1189 1678 solet
1227 1643 1522 1679 occurrere.
1845 1636 1927 1678 610

170 1716 438 1785 Quamvis
478 1716 719 1776 acerbuS,
759 1714 852 1781 qui
893 1722 1097 1774 monet,
1135 1714 1271 1765 nulli
1311 1722 1485 1766 nocet.

100 1806 144 1857 Z
282 1803 392 1871 Qui
420 1802 725 1854 numerosis
753 1801 939 1852 studet
966 1801 1170 1862 amiciS,
1199 1801 1242 1851 is
1265 1801 1431 1852 etiam
1461 1800 1712 1852 inimicos
1738 1799 1889 1851 ferat.

96 1904 148 1941 ‘eo
172 1888 282 1957 Qui
322 1906 440 1940 sese
478 1896 701 1940 accusat
739 1887 871 1956 ipse,
910 1886 980 1938 ab
1018 1886 1127 1938 alio
1165 1903 1275 1937 non
1314 1895 1512 1953 potest.

170 2009 244 2049 Ri.
268 2009 355 2047 Mr.
404 2021 488 2047 non
508 2014 631 2048 nocet
655 2009 727 2048 Gr.
841 2012 925 2046 68.
973 2021 1014 2059 q.
1036 2008 1077 2047 b.
1099 2014 1128 2047 t.
1150 2020 1191 2046 n.
1213 2020 1254 2059 p.
1276 2021 1312 2047 c.
1334 2021 1389 2046 m.
1412 2008 1447 2047 F
1477 2008 1562 2047 Wo.
1583 2009 1655 2060 Sp.
1676 2009 1766 2047 Mr.
1816 2007 1927 2048 hunc

169 2070 311 2103 teneas
330 2062 441 2101 malo
465 2062 537 2102 Gr.
564 2063 637 2102 Or.
694 2075 735 2115 q.
756 2062 797 2101 b.
818 2061 933 2101 nullo
953 2069 982 2101 t.
1004 2074 1045 2114 p.
1069 2067 1209 2101 teneas
1228 2074 1284 2100 m.
1304 2062 1380 2100 Fr.
1437 2075 1479 2115 q.
1500 2062 1542 2101 b.
1559 2068 1589 2101 t.
1609 2075 1790 2115 nequeas
1808 2062 1926 2102 illum

169 2130 206 2157 c.
228 2130 284 2156 m.
305 2117 390 2168 Hg.
586 2122 666 2156 35.
722 2116 888 2168 capiant
911 2116 945 2154 F
965 2116 1041 2154 Fr.
1099 2116 1267 2168 capiunt
1299 2117 1381 2155 Wo.
1439 2123 1610 2168 captant
1635 2117 1707 2156 Gr.
1728 2117 1798 2156 Ri.
1855 2117 1926 2156 de-

170 2171 389 2211 fenderunt
416 2170 450 2209 F
471 2171 514 2209 *1¹
533 2171 606 2210 Fr.
663 2169 922 2211 defenderint
950 2170 1120 2221 Ingolst.
1148 2170 1280 2210 editor
1314 2170 1398 2210 Wo.
1454 2170 1722 2211 defenderent
1743 2172 1833 2210 Mr.
1855 2172 1925 2223 Sp.

170 2238 274 2278 quos
293 2224 526 2265 defenderis
545 2225 621 2264 Bo.
815 2228 896 2263 66.
954 2224 1069 2276 quod
1089 2225 1123 2263 F
1142 2224 1310 2272 editors,
1334 2230 1480 2276 except
1499 2224 1599 2277 quid
1620 2226 1710 2264 Mr.
1733 2225 1851 2274 (with
1871 2238 1927 2264 no

170 2292 316 2319 reason
335 2279 540 2331 assigned,
561 2277 764 2331 probably
784 2291 809 2318 a
828 2276 1052 2331 misprint).
1236 2283 1317 2317 5¹7.
1374 2291 1415 2331 q.
1437 2279 1478 2318 d.
1503 2292 1538 2319 e.
1562 2278 1679 2331 queri
1698 2279 1740 2318 d.
1762 2279 1789 2318 i.
1810 2292 1866 2319 m.
1888 2292 1924 2319 e.

172 2334 207 2373 F
241 2334 314 2374 Gr.
346 2333 419 2372 Or.
457 2333 541 2373 Wo.
567 2333 642 2372 Ri.
700 2346 741 2385 q.
770 2333 812 2372 d.
840 2345 876 2372 e.
907 2332 950 2371 in
975 2331 1187 2385 querendo
1212 2331 1304 2384 ipso
1330 2332 1525 2372 malumst
1545 2333 1615 2385 Sp.
1671 2346 1714 2386 q.
1736 2333 1926 2386 delegisti

171 2388 288 2440 queri
322 2387 448 2427 etiam
481 2387 522 2427 d.
561 2387 634 2426 illo
668 2400 723 2426 m.
756 2399 792 2426 e.
827 2387 903 2426 Bo.
975 2400 1016 2439 q.
1050 2386 1200 2438 diligas
1227 2399 1269 2439 q.
1300 2399 1336 2426 e.
1367 2387 1474 2426 clam
1502 2387 1544 2426 d.
1574 2387 1665 2440 ipso
1695 2401 1751 2426 rn.
1781 2400 1818 2427 e.
1848 2388 1924 2426 Fr.

173 2446 257 2481 88.
314 2453 399 2494 quo
433 2441 588 2481 cavetis
622 2441 656 2480 F
684 2453 768 2493 quo
795 2446 914 2480 cavet
940 2440 975 2480 is
1008 2441 1081 2480 Gr.
1107 2441 1181 2480 Or.
1239 2453 1322 2493 quo
1356 2453 1501 2481 caveas
1529 2442 1605 2481 Bo.
1636 2442 1720 2481 Wo.
1742 2442 1814 2493 Sp.
1835 2442 1925 2481 Mr.

171 2508 256 2589 quo
275 2494 522 2588 caperiggx’i.
575 2495 650 2558 qui
670 2495 968 2589 ssvgbisollgk
996 2494 1096 2588 ‘³¹29
1117 2507 1263 2600 eximias
1281 2496 1372 2588 Mrt.
1433 2507 1516 2548 quo
1536 2495 1762 2600 {dvocatttis
1782 2508 1928 2557 caveas

210 2563 246 2588 r.
485 2578 494 2587 .
553 2562 656 2589 Slea
771 2563 807 2587 r.
871 2562 906 2587 r.
969 2562 1004 2587 o.
1087 2561 1594 2589 0.wowr1esous.
1684 2578 1745 2588 ..
1802 2563 1926 2590 .o.sx

172 2604 249 2643 Bo.
305 2604 339 2643 si
357 2604 418 2644 uti
437 2616 521 2643 non
541 2610 659 2656 potes
678 2604 748 2642 Ri.
769 2604 840 2655 Sp.
862 2603 951 2643 Mr.
973 2604 1048 2642 Fr.
1107 2604 1136 2641 Z
1158 2603 1231 2651 (Τ)
1250 2603 1324 2642 has
1343 2603 1410 2656 69.
1435 2562 1497 2654 73.
1528 2616 1589 2654 15.
1610 2563 1679 2654 ,ὦ
1696 2563 1844 2655 7122.
1859 2615 1926 2656 37.

175 2661 243 2697 69
289 2658 362 2710 qui
379 2657 608 2697 numerosis
626 2658 764 2697 studet
782 2657 928 2697 amicis
947 2664 988 2697 et
1007 2657 1197 2696 inimicos
1217 2670 1383 2697 necesse
1409 2665 1471 2697 est
1496 2657 1599 2697 ferat
1618 2658 1656 2697 T
1702 2671 1743 2710 q.
1769 2671 1810 2698 n.
1831 2671 1864 2698 s.
1885 2671 1922 2698 a.

173 2712 208 2751 is
228 2711 353 2751 etiam
372 2711 564 2751 inimicos
582 2710 686 2751 ferat
705 2711 866 2763 Haupt.
923 2724 965 2763 q.
986 2724 1022 2751 a.
1048 2710 1188 2750 multis
1213 2724 1244 2751 s.
1269 2718 1310 2751 et
1336 2710 1526 2751 inimicos
1545 2711 1647 2752 ferat
1677 2712 1760 2752 Wo.
1817 2725 1857 2765 q.
1883 2725 1925 2751 n.

174 2779 206 2805 s.
236 2779 274 2805 a.
304 2772 344 2806 et
372 2765 563 2805 inimicos
590 2764 768 2818 perferat
797 2766 870 2805 Ri.
927 2778 968 2817 q.
999 2778 1031 2805 s.
1062 2765 1202 2805 multis
1230 2779 1266 2805 a.
1300 2766 1453 2806 multos
1481 2765 1670 2806 inimicos
1703 2765 1806 2806 ferat
1834 2767 1924 2806 Mr.

174 2833 215 2872 q.
245 2820 398 2860 multos
424 2832 638 2859 numerare
666 2820 821 2859 amicos
849 2819 987 2859 studet
1016 2832 1098 2858 una
1125 2819 1315 2859 inimicos
1343 2819 1445 2859 ferat
1472 2820 1547 2859 Fr.
1714 2824 1799 2860 ¹70.
1856 2820 1926 2873 qui

174 2880 303 2913 semet
330 2880 495 2914 accusat
520 2874 574 2913 ab
599 2873 683 2912 alio
708 2886 793 2913 non
820 2879 957 2925 potest
981 2873 1190 2913 criminari
1210 2874 1247 2912 T
1303 2886 1344 2925 q.
1366 2886 1455 2913 sese
1472 2886 1510 2913 a.
1534 2874 1623 2927 ipse
1643 2874 1696 2913 ab
1715 2874 1798 2913 alio
1817 2887 1856 2914 n.
1883 2888 1924 2927 p.

173 2928 323 2979 Haupt
350 2927 434 2967 Wo.
501 2940 542 2979 q.
573 2933 702 2967 semet
727 2934 894 2967 accusat
918 2927 1091 2967 crimine
1110 2940 1193 2967 non
1220 2927 1378 2980 indiget
1401 2927 1520 2980 Casp.
1546 2928 1678 2968 Orelli
1733 2941 1773 2981 q.
1797 2935 1926 2968 semet

727 3063 807 3100 01.
866 3058 1037 3109 Seneca,
1057 3058 1196 3111 Epist.
1223 3071 1285 3110 13.
1310 3070 1371 3110 17.

1641 3156 1777 3208 3—2
