2232 3522
297 262 366 314 30
719 261 989 302 PUBLILII
1029 261 1165 302 SYRI
1204 262 1615 304 SENTENTIAE.

296 390 482 443 Perdit
520 408 629 443 non
670 392 842 443 donat
879 393 972 460 qui
1011 393 1122 454 dat,
1161 393 1264 444 nisi
1303 394 1374 445 sit
1414 394 1692 445 memoria.

295 476 472 528 Probe
509 477 710 529 delicta
747 495 872 529 cum
912 479 1188 546 neglega5‚
1226 478 1374 546 leges
1413 487 1572 532 teras,

218 570 271 606 20
295 564 444 612 Pars
482 563 735 613 benefici
773 571 884 623 est,
926 564 1085 627 quod
1121 564 1345 626 petitur
1380 564 1431 613 si
1469 564 1623 613 belle
1661 579 1864 626 negeS.

230 643 592 716 xsProperare
630 648 684 698 in
725 648 1021 699 iudicando
1060 655 1143 698 est
1182 648 1386 698 crimen
1425 664 1698 714 quaerere.

293 732 487 800 Populi
525 741 608 785 est
647 735 998 801 mancipium,
1039 734 1285 801 quisquis
1323 734 1532 801 patriae
1571 741 1654 784 est
1692 733 1854 784 utilis,
1961 757 2041 796 510

292 819 394 871 Per
430 837 571 887 quae
609 821 681 871 sis
720 827 884 880 tutUS‚
923 819 1016 870 illa
1053 837 1270 887 semper
1307 819 1528 886 cogites,

291 907 581 973 Perfugere
619 906 689 957 ad
730 904 1055 967 inferiorem,
1094 923 1151 957 se
1190 907 1371 973 ipsum
1410 913 1494 956 est
1532 904 1761 956 tradere.

215 1003 266 1038 25
291 993 584 1044 Peccatum
623 992 786 1042 amici
824 991 975 1043 velut
1013 999 1169 1043 tuum
1210 1000 1356 1043 recte
1394 999 1568 1058 putes,

290 1081 491 1132 Potens
531 1079 834 1131 misericors
873 1078 1096 1146 publica
1133 1087 1217 1130 est
1256 1079 1500 1129 felicitas

290 1166 553 1217 Praesens
591 1173 674 1216 est
712 1182 942 1232 semper,
981 1165 1179 1216 absens
1219 1166 1313 1232 qui
1350 1182 1410 1215 se
1448 1164 1737 1215 ulciscitur.
1958 1184 2033 1226 515

289 1251 552 1304 Perfacile
590 1251 724 1303 felix
763 1252 911 1319 quod
949 1259 1081 1303 vota
1118 1252 1406 1319 imperant,
1443 1250 1587 1301 facit.

288 1340 530 1390 Poenam
570 1345 815 1389 moratur
853 1338 1152 1405 improbus,
1190 1355 1300 1388 non
1339 1337 1614 1404 praeterit.

212 1441 263 1475 30
394 1426 701 1477 Perdidisse
727 1426 798 1476 ad
825 1442 1003 1476 assem
1031 1424 1267 1486 mallem,
1291 1442 1458 1492 quam
1486 1423 1761 1491 accepisse
1786 1423 2031 1490 turpiter.

287 1512 593 1564 Paucorum
633 1520 718 1563 est
755 1511 1088 1578 intellegere,
1127 1512 1259 1579 quid
1300 1513 1469 1563 donet
1509 1511 1658 1563 deuS.

283 1640 469 1680 dolorem
489 1641 559 1693 qui
579 1646 721 1681 enecat
740 1641 859 1680 dolor
878 1641 953 1679 Fr.
1010 1639 1081 1693 qui
1100 1640 1218 1692 pellit
1238 1641 1356 1680 dolor
1375 1641 1459 1692 Hg.
1677 1645 1757 1678 18.
1813 1639 1884 1692 qui
1904 1640 1975 1680 dat
1996 1640 2031 1679 F

283 1694 357 1733 Ri.
384 1697 454 1746 Sp.
483 1695 573 1734 Mr.
594 1696 669 1734 Fr.
697 1695 768 1747 qui
796 1695 925 1734 donat
959 1694 1028 1734 Gr.
1067 1695 1139 1734 Or.
1169 1695 1235 1734 cui
1263 1695 1391 1735 donat
1430 1696 1514 1735 Wo.
1571 1693 1650 1734 nisi
1679 1701 1739 1733 est
1767 1694 1967 1734 memoria
1995 1695 2030 1734 F

282 1747 360 1787 nisi
380 1749 431 1788 sit
450 1749 650 1789 memoria
676 1750 748 1788 Ri.
771 1750 840 1800 Sp.
863 1750 950 1788 Mr.
972 1748 1051 1788 nisi
1077 1754 1138 1788 est
1163 1762 1321 1788 mernor
1352 1750 1423 1789 Gr.
1450 1750 1522 1789 Or.
1552 1749 1637 1788 Wo.
1692 1748 1806 1788 nulla
1830 1751 2030 1788 memoria

281 1803 357 1841 Fr.
414 1803 492 1842 nisi
525 1804 577 1843 sit
615 1803 680 1843 cui
717 1804 847 1843 donas
885 1816 1042 1842 memor
1079 1803 1154 1842 Bo.
1189 1803 1267 1842 nisi
1305 1804 1371 1843 cui
1403 1803 1534 1842 donas
1571 1809 1632 1842 est
1669 1815 1829 1842 memor
1863 1802 2026 1842 Nauck.

286 1860 363 1895 19.
419 1857 549 1908 probe
586 1858 621 1897 F
658 1858 778 1909 probi
815 1857 986 1908 Ingolst.
1019 1857 1149 1896 editor
1183 1858 1255 1897 Gr.
1296 1858 1368 1898 Or.
1418 1858 1502 1897 Wo.
1540 1857 1611 1896 Ri.
1655 1857 1727 1908 Sp.
1764 1857 1913 1909 probes
1949 1858 2025 1896 Fr.

280 1923 373 1950 cum
407 1911 520 1963 legas
551 1912 711 1951 deteras
746 1913 781 1951 F
813 1912 936 1951 iudex
967 1911 1108 1963 legens
1141 1911 1288 1951 deterit
1325 1912 1397 1951 Gr.
1432 1912 1504 1951 Or.
1538 1911 1662 1950 iudex
1694 1911 1839 1962 lugens
1871 1910 2027 1963 detegit

286 1965 401 2016 Casp.
432 1966 559 2005 Orelli
584 1979 677 2006 cum
703 1966 896 2019 neglegas
915 1966 1026 2017 leges
1045 1971 1152 2005 teras
1181 1966 1266 2005 ΨΟ.
1321 1966 1474 2005 delicto
1500 1966 1717 2017 ignoscens
1736 1965 1848 2017 leges
1867 1965 2028 2005 deteras

290 2019 374 2058 Wo.
411 2020 592 2059 iudicum
630 2020 741 2072 leges
779 2026 915 2060 terunt
951 2021 1022 2059 Ri.
1057 2020 1278 2071 neglegens
1314 2019 1425 2071 leges
1462 2026 1569 2059 teras
1607 2019 1679 2058 Ri.
1735 2019 1896 2059 deteras
1933 2032 2026 2059 cum

281 2074 472 2125 neclegas
499 2074 722 2114 Buecheler
756 2088 850 2114 cum
878 2081 1006 2126 tegas,
1039 2073 1151 2126 leges
1185 2081 1291 2113 teras
1325 2075 1393 2126 Sp.
1427 2086 1522 2113 cum
1549 2073 1602 2112 de
1629 2073 1720 2124 lege
1748 2073 1920 2124 deroges
1952 2074 2026 2112 Fr.

279 2128 409 2179 probe
435 2128 586 2167 delicta
610 2141 703 2167 cum
730 2129 938 2180 neglegas,
965 2127 1077 2179 leges
1102 2129 1238 2167 teras?
1265 2127 1474 2179 (catching
1499 2140 1556 2179 up
1582 2125 1652 2166 the
1675 2127 1804 2179 probe
1829 2126 1935 2166 from
1955 2127 2026 2167 the

278 2181 502 2234 preceding
520 2182 603 2221 line
622 2182 670 2221 of
683 2183 754 2222 the
773 2183 997 2234 dialogue).
1177 2185 1260 2221 23.
1317 2194 1423 2235 quae
1442 2182 1478 2220 F
1506 2181 1590 2220 Wo.
1611 2181 1682 2232 Sp.
1703 2182 1790 2220 Mr.
1816 2181 1929 2232 quod
1948 2182 2022 2220 Fr.

281 2239 363 2274 25.
418 2236 530 2275 velut
568 2237 670 2287 Ἑπψ
702 2238 773 2276 Gr.
812 2237 883 2276 Or.
913 2237 984 2288 Sp.
1013 2236 1142 2276 veluti
1173 2235 1342 2287 Ingolst.
1373 2236 1503 2276 editor
1549 2235 1632 2275 Wo.
1664 2235 1737 2274 Ri.
1766 2235 1856 2274 Mr.
1914 2241 2024 2275 recte

278 2289 499 2329 velandum
519 2291 594 2329 Bo.
649 2290 761 2330 idem
781 2304 828 2330 ac
848 2297 964 2330 tuum
984 2290 1204 2330 Buecheler
1221 2303 1296 2342 pro
1315 2297 1388 2330 tuo
1407 2290 1482 2328 Fr.
1646 2292 1729 2327 2⁷.
1785 2289 1855 2341 qui
1876 2289 2023 2328 absens

277 2343 485 2383 ulciscitur
515 2345 550 2383 F
578 2357 619 2396 q.
647 2357 683 2384 a.
715 2345 839 2384 etiam
867 2358 906 2384 u.
943 2345 1015 2383 Gr.
1046 2345 1118 2383 Or.
1145 2345 1220 2383 Bo.
1249 2357 1286 2382 a.
1313 2357 1353 2396 q.
1384 2357 1428 2383 se
1455 2357 1496 2382 u.
1535 2342 1620 2381 ΨΟ.
1647 2343 1717 2382 Ri.
1745 2355 1786 2394 q.
1815 2356 1852 2382 a.
1882 2343 2023 2383 ulcisci

277 2404 414 2450 potest
433 2399 501 2449 Sp.
527 2411 569 2450 q.
590 2411 683 2438 cum
705 2399 820 2438 abest
839 2398 1045 2438 ulciscitur
1063 2399 1136 2437 Fr.
1152 2411 1196 2438 se
1214 2398 1285 2449 qui
1304 2400 1451 2437 absens
1469 2396 1706 2436 ulciscitur?
1786 2400 1870 2434 28.
1909 2398 2022 2449 quod

277 2458 374 2491 vota
402 2452 606 2504 imperant
635 2453 670 2491 F
708 2453 792 2492 ΨΟ.
822 2453 892 2504 Sp.
922 2453 1010 2492 Mr.
1044 2453 1156 2504 quod
1185 2452 1269 2490 fata
1301 2452 1505 2504 imperant
1538 2451 1705 2501 Ingolst.
1735 2451 1872 2489 editor.
1903 2464 1942 2502 q.
1977 2465 2016 2491 v.

276 2505 499 2558 impetrant
537 2507 608 2545 Gr.
643 2507 714 2545 Or.
743 2507 856 2558 quod
888 2506 984 2546 facit
1019 2512 1160 2546 votum
1193 2506 1386 2558 impetrat
1419 2506 1494 2545 Bo.
1524 2505 1594 2545 Ri.
1627 2504 1820 2555 impetrat
1849 2511 1946 2544 vota
1977 2512 2022 2545 ut

277 2560 373 2599 facit
406 2560 478 2599 Ri.
507 2573 612 2612 quae
642 2559 740 2600 facit
769 2567 868 2600 vota
899 2561 1091 2612 impetrat
1124 2561 1194 2599 Ri.
1228 2559 1422 2612 impetrat
1454 2560 1567 2611 quod
1602 2559 1756 2598 voverit
1786 2559 1946 2598 Nauck.
1977 2572 2020 2611 p.

277 2613 374 2653 felix
402 2627 444 2666 q.
466 2627 501 2653 v.
527 2614 555 2653 f.
595 2614 679 2653 Wo.
701 2627 742 2666 p.
766 2628 807 2666 q.
834 2628 874 2653 v.
902 2614 928 2652 i.
957 2615 1053 2654 felix
1081 2614 1178 2653 facit
1207 2615 1276 2666 Sp.
1306 2615 1394 2653 flffr.
1429 2626 1469 2666 p.
1500 2613 1528 2652 f.
1558 2613 1766 2664 imperans
1793 2613 1907 2664 quod
1934 2614 2021 2654 vult

276 2668 303 2707 f.
339 2669 412 2706 Fr.
442 2681 483 2719 p.
513 2667 541 2707 s.
571 2668 807 2720 impetrabit
840 2681 945 2720 quae
972 2668 1072 2708 velit
1103 2669 1189 2720 Hg.
1219 2682 1262 2721 p.
1291 2667 1319 2707 f.
1350 2668 1542 2719 impetrat
1571 2667 1773 2718 quidquid
1800 2667 1899 2707 velit
1931 2669 2018 2720 Hg.

277 2725 364 2760 30.
420 2721 647 2773 perdidisse
679 2722 846 2761 mallem
880 2723 1036 2772 Ἑακπψ
1067 2735 1111 2774 p.
1144 2722 1316 2761 honeste
1350 2721 1515 2760 mallem
1559 2721 1640 2760 Wo.
1675 2721 1745 2759 Ri.
1775 2721 1865 2759 Mr.
1894 2734 1936 2773 p.
1967 2723 2020 2761 ad

275 2789 408 2815 assem
436 2789 492 2814 m.
522 2777 598 2814 Fr.
628 2789 670 2828 p.
700 2782 846 2816 cuncta
873 2789 929 2814 m.
950 2777 1036 2827 Hg.
1093 2777 1278 2828 accipere
1307 2776 1367 2814 Fu<
1395 2782 1502 2827 turp.
1530 2788 1615 2814 acc.
1637 2788 1663 2813 α
1690 2775 1896 2827 accepisse
1934 2777 2019 2815 Wo.

273 2830 345 2869 Ri.
367 2831 456 2868 Mr.
476 2831 551 2868 Fr.
842 2835 922 2868 31.
979 2831 1050 2869 det
1070 2831 1105 2869 F
1125 2829 1228 2870 celet
1246 2830 1319 2868 Ri.
1340 2829 1451 2868 dicat
1470 2829 1692 2868 Buecheler
1708 2828 1827 2868 decet
1846 2830 2018 2882 Ingolst.

462 2970 548 3005 20.
608 2966 775 3016 Quoted
795 2966 851 3016 by
870 2964 1032 3005 Gellius
1056 2977 1117 3016 17.
1144 2979 1191 3016 14
1211 2966 1294 3006 and
1314 2966 1570 3014 Macrobius,
1593 2966 1681 3005 Sat.
1706 2977 1742 3004 2.
1766 2976 1799 3016 7.

462 3041 546 3077 80.
609 3035 672 3076 Cf.
698 3035 872 3080 Hesiod,
898 3035 970 3086 Op.
995 3046 1083 3086 352.
