2232 3522
204 1898 278 1944 81.

202 2168 279 2215 82.

831 272 1325 314 INTRODUCTION.
1751 264 1951 314 xxxvii

370 405 479 453 The
519 403 678 452 codex
722 402 1045 467 Frisingensis
1087 404 1186 453 had
1233 404 1362 452 been
1407 403 1564 452 found
1611 402 1663 451 in
1716 418 1842 467 1599
1890 405 1953 467 by

372 487 573 534 Marcus
599 486 847 544 VelseruS‚
873 486 973 533 and
997 484 1034 534 it
1059 484 1099 534 is
1124 486 1379 549 supposed
1403 486 1510 534 that
1532 486 1618 534 the
1643 501 1953 550 anonymous

371 567 530 616 editor
566 582 664 614 was
705 583 735 615 a
772 567 972 616 learned
1012 565 1189 630 Jesuit.
1257 568 1333 613 W.
1377 567 1548 628 Meyer
1588 565 1628 614 is
1676 567 1953 629 persuaded

370 648 476 696 that
523 647 561 696 it
606 663 704 695 was
752 646 909 709 Jacob
958 648 1228 696 Gretserus.
1302 646 1550 695 Woelfflin
1596 662 1706 710 says
1753 647 1810 695 of
1858 646 1954 695 this

371 728 561 778 edition
590 733 684 777 ‘est
708 729 847 790 quasi
873 728 1026 776 altera
1051 726 1354 786 Erasmiana‚
1371 726 1423 776 id
1447 736 1522 775 est
1546 725 1700 776 editio
1725 726 1953 794 princeps

370 825 598 859 versuum
623 826 653 857 a
675 808 846 858 litteris
872 810 1036 856 N-——V
1052 807 1405 871 incipientium,
1425 824 1517 857 nec
1536 818 1702 857 tamen
1720 809 1952 871 cuiquam

372 890 614 940 editorum
656 889 1002 947 recentiorum,
1040 905 1104 938 ne
1144 888 1451 952 Schweigero
1493 889 1695 952 quidem
1739 889 1950 953 cognita.

372 971 647 1020 Laudanda
672 979 746 1019 est
769 972 847 1020 vel
872 971 969 1019 hoc
1002 969 1221 1030 nomine,
1247 971 1385 1033 quod
1417 970 1605 1020 litterae
1638 972 1707 1019 H.
1735 972 1795 1020 G.
1822 972 1868 1020 S.
1898 973 1955 1019 F.

370 1051 570 1116 singulis
603 1051 825 1101 versibus
856 1050 1114 1114 appositae
1142 1062 1226 1100 aut
1260 1067 1363 1100 non
1393 1053 1651 1115 appositae
1683 1054 1951 1113 declarant,

370 1143 530 1182 utrum
564 1133 633 1182 illi
666 1135 716 1182 in
750 1133 1109 1196 exemplaribus
1144 1132 1353 1182 Henrici
1381 1134 1635 1197 Stephani,
1661 1134 1950 1194 Godofredi,

371 1214 600 1279 Scaligeri
625 1225 675 1264 et
707 1215 758 1263 in
793 1214 968 1264 codice
1001 1216 1041 1263 F
1043 1214 1302 1278 risingensi
1334 1225 1501 1264 extent
1535 1232 1707 1276 necne,
1734 1226 1783 1265 et
1815 1218 1953 1279 quod

371 1296 531 1346 editor
555 1298 606 1344 in
630 1295 987 1345 commentario
1019 1295 1191 1344 critico
1223 1295 1379 1345 varias
1412 1296 1598 1345 codicis
1633 1298 1685 1346 F.
1713 1297 1952 1347 lectiones
2029 1359 2032 1361 v

373 1395 431 1427 ex
455 1388 593 1441 parte
618 1379 792 1426 saltem
818 1375 1048 1426 enotavit.
1122 1378 1220 1426 Sed
1245 1377 1296 1425 in
1327 1378 1550 1427 versibus
1588 1379 1952 1429 constituendis

372 1459 798 1522 expurgandisque
840 1458 1033 1507 mendis
1074 1457 1278 1506 nimium
1318 1475 1425 1509 sese
1466 1459 1733 1523 applicavit
1767 1461 1954 1511 codicis

370 1541 650 1604 scripturae,
701 1542 768 1588 ita
822 1551 876 1588 ut
932 1548 1134 1602 postero
1190 1539 1367 1589 editori
1417 1542 1661 1604 permulta
1706 1541 1953 1606 reliquerit

371 1624 609 1683 sananda,
647 1638 741 1671 nec
781 1622 936 1670 levius
978 1622 1217 1670 damnum
1254 1637 1315 1671 eo
1350 1621 1513 1671 attulit
1551 1622 1778 1683 Publilio,
1817 1625 1952 1687 quod

371 1703 620 1767 Scaligero
652 1704 916 1752 obsecutus
950 1704 1013 1750 ab
1046 1718 1107 1751 eo
1140 1702 1312 1752 ordine
1347 1702 1568 1762 descivit,
1595 1720 1697 1767 quo
1733 1704 1953 1768 singulae

371 1783 643 1835 sententiae
667 1783 717 1832 in
742 1783 1000 1832 codicibus
1024 1783 1326 1847 perscriptae
1351 1784 1494 1833 sunt.'

356 1893 539 1962 [Adam
566 1892 845 1960 Sartorius.]
918 1895 1122 1958 Ingolst.
1200 1896 1342 1943 1602.
1416 1896 1477 1943 In
1501 1895 1585 1943 the
1608 1895 1767 1944 works
1791 1897 1849 1945 of
1879 1898 1949 1944 M.

369 1978 431 2023 A.
466 1978 723 2035 Muretus;
763 1991 818 2023 11
857 1991 1009 2038 pages
1042 1977 1098 2024 of
1126 1977 1492 2038 prolegomena,
1526 1978 1618 2038 981
1656 1992 1819 2025 verses
1851 1978 1951 2027 and

368 2074 427 2117 41
457 2072 606 2120 pages
632 2057 690 2105 of
706 2066 880 2117 notes;
918 2056 1088 2120 priced
1119 2073 1213 2120 135.
1243 2059 1319 2105 6d.
1348 2057 1498 2120 lately
1520 2057 1587 2120 by
1610 2057 1927 2120 Tregaskis.*

355 2163 539 2232 [Adam
582 2162 860 2231 Sartorius.]
933 2166 1136 2229 Ingolst.
1216 2167 1356 2227 1603.
1430 2165 1492 2213 In
1536 2167 1776 2224 Muretus,
1819 2181 1953 2214 men-

369 2247 541 2296 tioned
576 2248 643 2310 by
678 2245 939 2296 Woelfflin.

274 2397 282 2407 .
355 2365 419 2419 4⁰.
492 2360 678 2409 GeneV.
758 2360 900 2420 1603.
975 2358 1036 2405 In
1078 2355 1163 2405 the
1205 2360 1217 2382 ‘
1236 2356 1434 2419 Corpus
1470 2354 1694 2405 omnium
1731 2363 1951 2405 veterum

369 2449 630 2503 poetarum
657 2436 948 2486 Latinorum
965 2436 975 2456 '
987 2454 1000 2497 ;
1036 2435 1274 2499 arranged
1297 2434 1349 2483 in
1372 2435 1470 2485 loci
1494 2451 1798 2485 communes

271 2586 280 2596 .
354 2550 398 2611 J.
438 2549 627 2598 Gruter.
703 2548 766 2595 8⁰.
843 2545 1075 2595 Heidelb.
1155 2547 1295 2606 1604.
1370 2547 1454 2594 ‘L.
1498 2544 1697 2594 Annaei
1736 2546 1953 2596 Senecae

369 2644 428 2677 ac
471 2626 634 2677 Publii
669 2626 774 2690 Syri
816 2625 969 2685 mimi,
1008 2627 1170 2675 forsan
1214 2635 1261 2675 et
1303 2624 1508 2674 aliorum
1546 2624 1811 2689 singulares
1849 2642 1955 2675 sen-

370 2706 553 2757 tentiae
585 2717 786 2755 centum
819 2706 1008 2769 aliquot
1039 2707 1259 2755 versibus
1290 2722 1424 2754 nunc
1455 2703 1666 2768 primum
1699 2715 1872 2754 auctae
1906 2714 1954 2754 et

371 2797 621 2837 correctae
657 2803 756 2850 ope
797 2787 941 2836 codd.
984 2787 1321 2837 Palatinorum
1362 2796 1412 2836 et
1449 2785 1802 2850 Frisingensis.’
1875 2788 1955 2835 Al-

372 2868 561 2931 though
587 2869 766 2917 Gruter
789 2868 888 2917 had
912 2867 1011 2916 had
1040 2868 1200 2916 codex
1234 2870 1287 2916 H
1321 2869 1380 2917 of
1406 2865 1669 2917 collection
1702 2871 1767 2925 H,
1794 2868 1954 2916 codex

373 2951 412 2997 F
437 2950 494 2998 of
510 2953 568 3008 Ψ,
595 2949 694 2997 and
720 2950 906 2998 several
931 2962 1040 2997 MSS.
1063 2949 1121 2997 of
1140 2949 1178 2997 Σ
1201 2950 1512 3012 presumably
1531 2949 1699 2998 before
1723 2946 1798 2996 his
1822 2963 1950 3010 eyes,

373 3039 453 3093 yet
490 3031 554 3079 he
590 3029 676 3079 did
712 3039 801 3078 not
837 3046 919 3080 see
954 3029 1039 3079 the
1074 3029 1280 3079 relation
1312 3029 1471 3078 which
1506 3028 1696 3079 existed
1730 3029 1953 3078 between
