2232 3522
629 269 900 310 PUBLILII
939 271 1077 312 SYRI
1117 271 1523 312 SENTENTIAE.
1882 275 1946 327 23

206 397 484 451 Medicina
521 399 852 452 calamitatis
890 410 974 454 est
1011 403 1429 470 aequanimitas,

134 494 183 530 35
206 483 493 538 Muliebris
531 487 754 538 lacrima
793 488 1207 541 condimentum
1247 498 1331 542 est
1370 490 1626 542 malitiae.

207 571 420 624 Metum
460 574 726 641 respicere
765 590 876 624 non
914 574 1055 626 solet
1092 575 1353 644 quicquid
1395 578 1558 628 iuvat.

207 658 360 710 Malo
398 659 563 711 etiam
603 677 810 727 parcas,
847 661 892 712 si
931 678 1041 713 una
1079 670 1163 714 est
1200 663 1472 730 periturus
1510 663 1703 715 bonuS.

206 742 476 811 Magnum
514 746 719 798 crimen
759 764 944 799 secum
985 746 1144 800 affert
1183 749 1507 817 indignatio,
1875 761 1954 811 380

207 830 391 883 Malus
429 834 531 884 etsi
570 834 763 885 obesse
802 851 909 885 non
950 843 1149 902 potest,
1186 843 1372 887 tamen
1412 837 1636 903 cogitat.

133 932 185 968 40
207 917 375 985 Mage
412 918 572 982 valet,
612 921 704 988 qui
745 922 918 972 nescit
955 921 1103 988 quod
1142 922 1429 974 calamitas
1467 921 1629 974 valet.

207 1003 368 1055 Mora
406 1006 755 1072 cogitationis
793 1008 1081 1075 diligentia
1118 1015 1215 1060 est.

207 1090 389 1141 Multa
427 1091 763 1159 ignoscendo
801 1094 862 1145 fit
900 1102 1097 1161 potens
1137 1095 1427 1161 potentior.

207 1175 402 1228 Multis
440 1179 656 1245 placere
694 1198 835 1248 quae
873 1182 1038 1247 cupit,
1078 1180 1300 1248 culpam
1339 1180 1506 1248 cupit.
1876 1191 1952 1242 385

207 1263 503 1316 Minimum
542 1267 703 1333 eripit
744 1267 1002 1328 Fortuna,
1040 1284 1165 1318 cum
1207 1268 1496 1318 minimum
1535 1266 1702 1317 dedit.

133 1361 185 1396 45
208 1351 477 1404 Meretrix
516 1362 600 1405 est
638 1355 1062 1406 instrumentum
1102 1354 1483 1406 contumeliae.

207 1438 391 1490 Malus
430 1439 637 1491 bonum
677 1441 747 1491 ad
786 1458 844 1492 se
883 1458 1185 1508 numquam
1225 1439 1515 1492 consilium
1555 1438 1731 1490 refert.

205 1526 504 1578 Manifesta
541 1544 706 1579 causa
744 1545 930 1580 secum
970 1528 1139 1579 habet
1177 1528 1523 1580 sententiam.

204 1613 510 1665 Multorum
550 1613 867 1665 calamitate
904 1614 986 1665 vir
1023 1614 1255 1665 moritur
1292 1614 1486 1666 bonuS.
1878 1636 1957 1677 390

205 1700 391 1752 Metus
430 1700 709 1767 improbos
747 1701 1063 1769 compescit,
1101 1718 1212 1753 non
1251 1701 1560 1752 clementia.

131 1802 182 1839 50
205 1788 528 1839 Muneribus
567 1803 678 1837 non
717 1786 955 1839 lacrimis
996 1788 1258 1839 meretrix
1297 1795 1380 1839 est
1418 1787 1737 1838 misericors

205 1874 570 1926 Metuendum
610 1881 693 1925 est
732 1891 961 1941 semper,
1000 1891 1119 1926 esse
1156 1892 1282 1927 cum
1321 1882 1474 1926 tutus
1511 1873 1660 1926 veliS.

316 1961 468 2012 Mors
506 1960 702 2011 infanti
741 1960 892 2024 felix,
930 1962 1112 2012 iuveni
1150 1962 1364 2024 acerba,
1402 1961 1566 2011 nimis
1604 1977 1725 2012 sera
1763 1961 1892 2012 seni.

204 2094 292 2129 88.
348 2090 503 2129 crimen
523 2102 662 2129 secum
682 2087 799 2128 affert
827 2088 861 2127 F
887 2088 959 2127 Gr.
983 2088 1055 2127 Or.
1086 2089 1169 2127 Wo.
1225 2101 1363 2128 secum
1388 2087 1507 2128 affert
1532 2088 1688 2128 crimen
1712 2088 1863 2127 Nauck
1880 2088 1952 2128 Ri.

202 2145 293 2184 Mr.
313 2145 390 2184 Fr.
446 2156 597 2195 magna
615 2149 677 2183 est
695 2156 790 2182 cum
808 2142 965 2182 crimen
983 2141 1115 2182 adfert
1135 2142 1366 2194 indignatio
1386 2143 1459 2183 Bo.
1635 2146 1718 2181 89.
1776 2142 1903 2182 etiam
1921 2143 1956 2182 si

202 2199 348 2239 obesse
372 2210 458 2237 non
484 2204 621 2250 potest
642 2197 677 2236 F
703 2197 779 2237 etsi
805 2197 950 2236 obesse
975 2209 1060 2236 non
1086 2202 1222 2249 potest
1249 2197 1320 2236 Ri.
1348 2197 1419 2248 Sp.
1445 2197 1537 2236 Mr.
1593 2196 1671 2236 etsi
1699 2196 1845 2236 obesse
1872 2209 1957 2236 non

202 2259 302 2306 pote
325 2253 398 2292 Gr.
429 2252 514 2292 Wo.
569 2257 709 2291 tamen
735 2251 891 2303 cogitat
912 2250 947 2289 F
978 2251 1052 2291 Gr.
1078 2250 1150 2291 Or.
1173 2251 1246 2290 Bo.
1276 2251 1361 2290 Wo.
1382 2251 1472 2290 Mr.
1493 2251 1564 2303 Sp.
1621 2250 1755 2290 malus
1775 2251 1852 2290 etsi
1871 2263 1957 2290 non

203 2313 302 2360 pote
319 2319 441 2359 posse
460 2306 605 2346 obesse
624 2305 779 2358 cogitat
807 2306 880 2345 Fr.
1166 2309 1256 2344 4ο.
1312 2305 1444 2357 magis
1463 2305 1573 2344 valet
1591 2305 1662 2357 qui
1680 2305 1810 2344 nescit
1832 2305 1866 2344 F
1884 2305 1956 2344 Ri.

203 2374 324 2414 mage
342 2361 452 2401 valet
470 2360 543 2413 qui
560 2360 690 2400 nescit
715 2361 788 2399 Gr.
814 2360 887 2399 Or.
917 2359 1000 2398 Wo.
1061 2359 1193 2411 magis
1218 2358 1253 2399 is
1272 2358 1382 2399 valet
1407 2359 1479 2411 qui
1505 2359 1582 2399 scit
1610 2359 1693 2399 Ed.
1714 2359 1866 2399 Becker
1883 2359 1955 2411 Sp.

203 2416 317 2468 quod
335 2415 446 2455 valet
465 2414 677 2455 calamitas
697 2414 732 2453 F
753 2414 826 2452 Ri.
883 2413 995 2464 quod
1014 2413 1092 2452 cal.
1110 2413 1220 2453 valet
1250 2414 1333 2453 Wo.
1393 2413 1606 2453 calamitas
1624 2413 1726 2466 quid
1746 2413 1858 2453 valet
1882 2413 1956 2453 Gr.

209 2470 281 2509 Or.
336 2469 437 2521 quid
455 2469 591 2509 valeat
609 2467 822 2509 calamitas
840 2467 924 2507 Ed.
945 2467 1097 2507 Becker
1305 2470 1391 2505 42.
1447 2466 1580 2507 multa
1600 2467 1634 2507 F
1662 2468 1747 2507 Wo.
1768 2468 1858 2506 Mr.
1880 2468 1957 2507 Fr.

205 2523 338 2563 multo
357 2524 429 2575 Sp.
628 2526 717 2561 44.
774 2535 868 2562 curn
890 2522 925 2561 F
950 2522 1021 2561 Gr.
1048 2522 1119 2574 Sp.
1139 2521 1215 2560 Fr.
1272 2521 1338 2561 cui
1356 2522 1429 2562 Be.
1457 2522 1530 2561 Or.
1549 2522 1626 2561 Bo.
1657 2522 1742 2561 Wo.
1765 2522 1837 2561 Ri.
1863 2523 1952 2562 Mr.

204 2582 292 2616 48.
324 2608 331 2621 ,-
348 2577 583 2617 calamitate
630 2577 666 2616 F
717 2577 788 2617 Gr.
836 2576 908 2615 Or.
951 2576 1027 2615 Bo.
1070 2576 1142 2628 Sp.
1185 2576 1275 2615 Mr.
1320 2575 1394 2614 Fr.
1467 2575 1693 2616 calamitati
1740 2576 1814 2615 Ri.
1872 2576 1956 2615 Wo.

206 2635 292 2670 60.
347 2631 585 2671 muneribus
603 2643 687 2670 non
713 2630 892 2670 lacrimis
910 2629 1102 2669 meretrix
1128 2636 1189 2669 est
1214 2629 1445 2669 misericors
1466 2630 1500 2669 F
1530 2630 1600 2670 Gr.
1630 2630 1703 2669 Or.
1759 2642 1871 2670 mun.
1896 2636 1958 2670 est

205 2697 291 2725 non
310 2685 388 2725 lac.
409 2698 509 2725 mer.
530 2684 621 2725 mis.
642 2685 732 2724 Mr.
754 2685 825 2724 Fr.
996 2688 1076 2723 31..
1132 2683 1400 2724 metuendum
1419 2696 1582 2736 semper
1602 2696 1691 2724 esse
1709 2684 1813 2723 scias
1833 2697 1958 2736 quem

206 2745 338 2779 tutum
366 2739 467 2779 velis
493 2739 528 2778 F
554 2745 653 2778 met.
680 2752 812 2791 semp.
838 2745 899 2778 est
925 2737 963 2778 ei
991 2738 1104 2790 quod
1132 2743 1265 2777 tutum
1295 2737 1396 2777 velis
1429 2739 1500 2778 Gr.
1536 2738 1607 2779 Or.
1640 2738 1717 2778 Bo.
1774 2744 1957 2778 metuen-

206 2793 345 2832 dumst
371 2806 501 2846 semp.
527 2805 616 2833 esse
641 2792 675 2833 si
701 2799 812 2832 tutus
838 2791 940 2832 velis
966 2792 1037 2844 Sp.
1094 2792 1363 2832 metuendum
1389 2798 1450 2832 est
1476 2805 1508 2832 S.
1533 2804 1568 2833 e.
1600 2805 1694 2832 cum
1720 2797 1831 2831 tutus
1856 2791 1958 2832 velis

206 2848 297 2886 Mr.
317 2847 401 2899 Hg.
462 2860 519 2887 m.
538 2860 575 2887 e.
595 2859 629 2887 s.
649 2860 686 2887 e.
705 2860 742 2887 c.
763 2847 807 2886 in
826 2852 916 2886 tuto
935 2846 1037 2886 velis
1055 2847 1127 2885 Fr.
1421 2849 1506 2885 62.
1563 2859 1674 2886 mors
1693 2845 1839 2885 infanti
1859 2845 1958 2886 felix

207 2900 345 2941 iuveni
363 2901 511 2941 acerba
534 2913 625 2941 sera
643 2900 773 2940 nimio
793 2900 880 2940 seni
902 2900 936 2939 F
960 2901 1033 2940 Gr.
1059 2900 1130 2940 Or.
1158 2899 1234 2939 Bo.
1264 2900 1350 2939 Wo.
1404 2900 1529 2940 nimis
1553 2913 1643 2940 sera
1668 2900 1757 2940 seni
1774 2901 1859 2939 Bu.
1884 2900 1956 2952 Sp.

478 3040 565 3074 44.
627 3035 693 3077 Cf.
714 3035 884 3085 Seneca,
909 3036 1046 3088 Epist.
1070 3047 1133 3089 59.
1162 3049 1221 3088 13,
1242 3036 1289 3075 de
1306 3040 1429 3075 const.
1448 3041 1532 3087 sap.
1559 3046 1598 3086 5.
1619 3051 1657 3086 4.
