2232 3522
291 257 362 309 24
717 256 989 298 PUBLILII
1028 257 1165 298 SYRI
1206 258 1616 300 SENTENTIAE.

295 385 505 437 Malam
546 403 660 438 rem
700 404 826 438 cum
865 387 1015 450 veliS‚
1053 388 1402 441 honestatem
1443 389 1734 456 improbes
1963 410 2039 455 395

199 469 525 544 gs'Malum
564 477 657 519 est
695 470 1035 535 consilium,
1076 473 1235 535 quod
1271 474 1490 524 mutari
1526 488 1646 523 non
1684 479 1905 537 potest.

218 562 268 598 55
295 552 513 604 Malitia
552 555 711 606 unius
751 555 862 606 cito
900 555 962 607 fit
1001 556 1358 608 maledictum
1397 557 1660 609 omniurn.

297 639 537 691 Mortem
577 640 669 691 ubi
708 648 1046 704 contemnaS‚
1085 643 1275 694 viceris
1314 660 1506 695 omnes
1546 649 1737 694 metus,

298 726 503 777 Misera
541 733 623 777 est
661 726 935 794 voluptaS‚
973 728 1067 780 ubi
1105 728 1292 795 pericli
1332 730 1598 780 memoria
1637 735 1732 780 est.

297 811 448 863 Male
485 812 655 863 vincit
693 812 805 862 iam
843 829 1009 879 quem
1047 814 1295 881 poenitet
1332 814 1606 866 victoriae.
1967 837 2046 875 400

297 899 608 949 Misericors
647 899 779 950 civis
817 900 1029 966 patriae
1067 909 1150 952 est
1189 902 1510 953 consolatio,

223 998 272 1034 60
301 983 516 1036 Malitia
554 993 615 1036 ut
653 986 807 1053 peior
842 987 1042 1050 veniat,
1079 1004 1139 1039 se
1176 989 1402 1040 simulat
1440 989 1659 1041 bonam.

301 1070 486 1121 Malus
525 1071 742 1122 animus
780 1071 835 1122 in
873 1081 1084 1124 secreto
1123 1074 1278 1140 peius
1317 1075 1537 1142 cogitat.

301 1156 521 1207 Mutare
557 1157 705 1224 quod
746 1173 856 1208 non
895 1159 1088 1225 possiS,
1127 1167 1187 1211 ut
1225 1168 1415 1212 natum
1458 1168 1556 1223 est,
1594 1159 1746 1211 feras..

301 1243 482 1295 Multa
519 1252 648 1296 ante
686 1253 942 1313 tempteS,
983 1263 1149 1313 quam
1189 1248 1365 1299 virum
1405 1247 1651 1299 invenias
1689 1247 1911 1299 bonum.
1971 1269 2048 1309 405

302 1332 674 1384 Miserrimum
714 1340 798 1384 est
836 1333 1060 1385 arbitrio
1099 1334 1322 1385 alterius
1360 1335 1553 1386 vivere.

227 1434 276 1469 65
303 1420 599 1470 Mansueta
637 1420 841 1471 tutiora
877 1427 1021 1482 sunt,
1059 1421 1156 1472 sed
1195 1422 1453 1472 serviunt.

302 1506 457 1557 Mala
495 1522 641 1556 mors
680 1506 1023 1558 necessitatis
1062 1507 1397 1559 contumelia
1435 1514 1531 1558 est.

305 1593 492 1643 Minus
531 1607 696 1658 saepe
733 1608 941 1658 pecceS,
981 1593 1025 1644 si
1064 1593 1204 1645 scias
1243 1595 1392 1661 quod
1433 1593 1656 1644 nescias,

305 1678 489 1730 Malus
527 1678 859 1745 quicumque
896 1678 951 1728 in
991 1696 1173 1747 poena
1210 1687 1308 1742 est,
1346 1679 1680 1747 praesidium
1719 1686 1803 1730 est
1840 1678 2012 1730 bonis,

235 1767 278 1818 Z
309 1766 462 1818 Mala
500 1773 583 1817 est
621 1765 822 1831 inopia,
862 1781 936 1816 ex
974 1767 1135 1833 copia
1172 1783 1315 1833 quae
1352 1767 1605 1818 nascitur.
1650 1795 1653 1798 ·
1974 1790 2049 1828 411

229 1861 279 1912 Ο
309 1854 540 1906 Monere
577 1869 688 1904 non
727 1853 921 1919 punire
958 1852 1251 1904 stultitiam
1291 1854 1462 1905 decet.

416 1941 600 1992 Multo
638 1938 852 2006 turpius
891 1939 1199 2002 damnatur,
1240 1940 1326 1991 cui
1365 1939 1627 1991 delictum
1667 1939 1981 2006 ignoscitur.

237 2079 281 2134 Σ
308 2077 404 2129 Nil
442 2093 605 2144 agere
643 2092 861 2143 semper
898 2074 1100 2127 infelici
1139 2082 1223 2126 est
1260 2076 1548 2142 optimum.

308 2225 398 2252 sera
417 2210 531 2251 venis
549 2209 638 2250 seni
656 2210 728 2249 Fr.
789 2209 913 2249 nimis
933 2222 1024 2249 sera
1042 2214 1104 2248 est
1123 2209 1212 2249 seni
1231 2210 1322 2249 Mr.
1489 2214 1570 2248 58.
1627 2209 1886 2249 honestatem
1907 2210 1942 2248 F
1971 2210 2055 2249 Wo.

308 2267 380 2318 Sp.
400 2267 475 2305 Fr.
532 2265 750 2304 honestare
768 2264 856 2303 Mr.
1080 2268 1160 2302 ⁵6.
1216 2269 1350 2303 metus
1368 2263 1514 2303 viceris
1533 2276 1676 2303 omnes
1697 2264 1731 2302 F
1751 2263 1897 2303 viceris
1915 2276 2058 2303 omnes

309 2326 442 2360 metus
489 2320 563 2358 Bo.
616 2319 688 2370 Sp.
724 2319 815 2357 Mr.
854 2318 930 2356 Fr.
1005 2330 1149 2357 omnes
1197 2317 1342 2357 viceris
1388 2324 1522 2357 metus
1567 2317 1736 2368 Ingolst.
1787 2317 1915 2357 editor
1967 2317 2054 2357 Wo.

311 2379 394 2413 58.
451 2373 578 2412 vincit
603 2372 818 2411 audaciam
843 2384 968 2423 quem
992 2371 1030 2410 T
1056 2371 1183 2411 vincit
1207 2385 1331 2424 quem
1359 2372 1394 2410 F
1420 2371 1549 2411 vincit
1575 2371 1609 2410 is
1635 2384 1759 2423 quem
1789 2372 1861 2411 Gr.
1887 2372 1959 2411 Or.
1979 2372 2056 2411 Bo.

320 2429 403 2467 Wo.
460 2439 584 2479 quem
611 2432 706 2479 post
744 2426 825 2464 Wo.
858 2426 929 2464 Ri.
986 2438 1109 2477 quem
1143 2438 1240 2464 mox
1268 2425 1397 2465 Halm
1452 2438 1577 2478 quem
1604 2426 1713 2464 clam
1740 2426 1811 2477 Sp.
1844 2426 1912 2465 Rz'.
1974 2425 2057 2465 iam

311 2495 435 2534 quem
453 2482 528 2520 Fr.
755 2482 836 2518 64.
897 2479 1064 2519 alterius
1083 2479 1254 2519 arbitrio
1275 2479 1345 2530 Fap
1364 2479 1450 2518 arb.
1476 2479 1546 2519 alt.
1577 2480 1647 2519 Gr.
1679 2479 1751 2518 Or.
1772 2480 1848 2518 Bo.
1879 2480 1962 2519 Wo.
1984 2481 2055 2519 Ri.

311 2538 381 2587 Sp.
402 2536 492 2574 Mr.
548 2534 684 2574 alieno
703 2533 873 2572 arbitrio
891 2534 965 2572 Fr.
1127 2538 1208 2573 6¹7.
1269 2534 1405 2573 minus
1423 2546 1545 2585 saepe
1565 2546 1711 2584 pecces
1731 2533 1765 2571 F
1790 2534 1862 2573 Gr.
1888 2534 1960 2572 Or.
1980 2534 2057 2574 Bo.

321 2591 405 2629 Wo.
425 2590 496 2641 Sp.
517 2589 606 2631 Mr.
666 2588 801 2627 minus
820 2587 986 2639 supines
1005 2588 1079 2627 Fr.
1139 2587 1252 2639 quod
1274 2588 1307 2626 F
1330 2588 1402 2627 Or.
1423 2588 1499 2626 Bo.
1530 2588 1615 2626 Wo.
1635 2588 1706 2639 Sp.
1727 2588 1803 2626 Fr.
1860 2588 1961 2639 quid
1985 2588 2057 2628 Gr.

312 2645 385 2683 Ri.
406 2644 496 2682 Mr.
688 2645 773 2680 88.
828 2641 1061 2693 quicunque
1080 2641 1123 2680 in
1142 2654 1277 2693 poena
1298 2642 1331 2680 F
1356 2642 1428 2681 Gr.
1454 2641 1526 2680 Or.
1547 2647 1616 2680 etc.
1673 2642 1744 2680 ubi
1762 2654 1884 2681 nemo
1904 2644 2059 2694 inpune

311 2697 460 2737 Nauck
506 2696 576 2748 qui
595 2695 748 2748 ubique
767 2695 810 2734 in
830 2707 966 2747 poena
983 2696 1057 2734 Fr.
1107 2696 1136 2733 Z
1158 2696 1230 2744 (Τ)
1255 2695 1329 2734 has
1350 2709 1385 2735 2.
1416 2707 1448 2733 1.
1473 2708 1536 2746 25.
1559 2698 1620 2744 58.
1647 2693 1714 2747 69.
1813 2700 1892 2735 69.
1954 2709 2059 2748 quae

314 2752 493 2791 nascitur
528 2763 577 2790 ex
616 2750 737 2802 copia
774 2750 812 2788 T
851 2762 901 2788 ex
938 2762 974 2788 c.
1013 2762 1055 2801 q.
1093 2762 1136 2787 n.
1174 2749 1325 2801 Haupt
1360 2749 1450 2789 Mr.
1512 2749 1551 2789 O
1589 2748 1663 2788 has
1702 2763 1738 2789 2.
1780 2762 1843 2800 54.
1890 2762 1952 2800 70.
1989 2760 2052 2801 71.

314 2811 395 2899 ΞΞΙ..
452 2805 495 2844 in
520 2803 674 2844 delicto
700 2803 788 2844 OM
815 2803 929 2842 cuius
954 2803 1152 2842 delictum
1179 2802 1242 2854 (or
1266 2802 1434 2851 delicto)
1462 2803 1696 2855 agnoscitur
1722 2807 1754 2852 φ
1771 2803 1836 2843 cui
1862 2804 2060 2844 delictum

354 2873 388 2899 r.

395 2914 429 2951 Σ
451 2909 603 2964 (PRA)
622 2911 697 2950 has
722 2923 874 2958 1—103
904 2910 939 2950 C
958 2910 1034 2950 has
1058 2920 1170 2961 1—7.
1197 2922 1236 2963 9.
1259 2924 1322 2965 39.
1350 2923 1408 2962 13.
1434 2909 1482 2956 6;
1513 2910 1541 2950 S
1562 2910 1636 2950 has
1660 2924 1690 2950 1.
1715 2923 1750 2950 2.
1779 2922 1815 2960 3.
1843 2924 1901 2952 10.
1929 2923 1991 2964 39.
2017 2927 2055 2962 4.

531 3027 611 3062 ⁵4.
673 3020 841 3072 Quoted
859 3021 915 3072 by
934 3020 1094 3060 Gellius
1118 3031 1179 3071 17.
1205 3033 1252 3072 14
1274 3019 1464 3072 (omitted
1482 3021 1538 3072 by
1558 3020 1828 3072 Macrobius).
