2232 3522
257 260 353 311 xiv
882 271 1373 313 INTRODUCTION.

257 404 412 466 Pliny,
438 404 666 451 Historia
689 404 967 461 Naturalis,
997 416 1075 464 35,
1103 403 1165 464 58
1192 401 1331 464 (199)
1353 421 1363 449 :

357 483 495 531 ‘Alia
522 495 657 533 creta
688 483 959 547 argentaria
990 483 1263 546 appellatur
1296 483 1506 531 nitorem
1537 493 1740 547 argento
1772 483 1996 532 reddens.

258 566 345 613 Est
387 574 436 613 et
475 564 721 624 vilissima,
759 581 857 627 qua
898 564 1082 612 circum
1124 564 1426 626 praeducere
1461 563 1522 612 ad
1559 563 1792 612 victoriae
1828 573 1998 612 notam

254 648 506 710 pedesque
562 646 811 695 venalium
863 656 995 694 trans
1050 644 1204 692 maria
1260 644 1579 693 advectorum
1633 645 1870 693 denotare
1927 643 1998 692 in-

255 728 512 777 stituerunt
555 727 764 776 maiores
803 728 1051 789 talemque
1090 724 1356 774 Publilium
1393 724 1734 774 Antiochiuml
1772 724 1999 774 mimicae

255 825 432 858 scenae
461 809 769 858 conditorem
804 817 854 856 et
886 805 1176 870 astrologiae
1209 807 1562 856 consobrinum
1595 808 1699 857 eius
1736 807 1999 856 Manilium

253 891 573 952 Antiochum,
601 890 719 940 item
743 889 1090 954 grammaticae
1122 887 1398 938 Staberium
1431 890 1633 938 Erotem
1666 890 1840 939 eadem
1874 905 1999 938 nave

253 973 487 1022 advectos
512 971 677 1022 videre
702 971 885 1035 proavi.
960 971 1058 1020 Sed
1083 971 1204 1033 quid
1228 970 1320 1019 hos
1343 972 1520 1020 referat
1550 971 1726 1035 aliquis
1750 970 1998 1021 literarum

252 1055 441 1102 honore
466 1053 843 1101 commendatos
859 1055 882 1101 ?
897 1052 907 1071 '

253 1163 411 1210 Aulus
435 1161 640 1220 Gellius,
669 1163 839 1210 lVoctes
861 1162 1064 1219 Atticae,
1097 1174 1170 1221 17,
1204 1176 1262 1219 14
1285 1179 1295 1208 ι

355 1243 679 1293 “Sententiae
721 1260 779 1292 ex
821 1243 1018 1291 Publilii
1060 1242 1222 1291 mimis
1264 1243 1476 1291 selectae
1517 1241 1795 1306 lepidiores.
1869 1243 1997 1292 Pub-

251 1325 381 1374 lilius
427 1325 606 1374 mimos
654 1324 943 1387 scriptitavit
989 1324 1265 1388 dignusque
1311 1323 1507 1373 habitus
1555 1334 1642 1384 est,
1691 1323 1775 1387 qui
1821 1341 2001 1388 suppar

253 1406 463 1456 Laberio
504 1405 809 1455 iudicaretur.
886 1408 942 1455 C.
984 1417 1150 1455 autem
1193 1407 1457 1456 Caesarem
1498 1405 1566 1454 ita
1608 1405 1804 1456 Laberii
1850 1406 1996 1455 male-

251 1487 467 1536 dicentia
491 1498 540 1537 et
565 1487 840 1552 arrogantia
863 1488 1161 1547 offendebat,
1190 1497 1244 1536 ut
1277 1487 1578 1551 acceptiores
1611 1497 1661 1537 et
1692 1488 1998 1551 probatiores

251 1568 344 1618 sibi
386 1586 492 1619 esse
535 1570 734 1619 Publilii
776 1586 926 1633 quarn
970 1569 1166 1618 Laberii
1213 1569 1391 1619 mimos
1438 1571 1756 1634 praedicaret.
1831 1570 1998 1619 Huius

253 1651 450 1700 Publilii
475 1651 748 1701 sententiae
773 1653 992 1700 feruntur
1015 1652 1278 1714 pleraeque
1303 1650 1499 1714 lepidae
1524 1660 1572 1700 et
1597 1642 1661 1700 ad
1681 1668 1997 1700 communem

251 1749 534 1782 sermonum
575 1751 718 1782 usum
766 1733 1293 1782 commendatissimae.
1371 1735 1444 1781 Ex
1491 1732 1667 1796 quibus
1715 1741 1829 1782 sunt
1875 1732 1996 1782 istae

250 1815 450 1878 singulis
481 1814 700 1865 versibus
734 1814 1142 1877 circumscriptae,
1172 1831 1296 1877 quas
1329 1813 1524 1863 libitum
1555 1815 1718 1863 hercle
1751 1823 1825 1863 est
1856 1813 1997 1862 ascri-

250 1897 396 1946 bere:

387 1990 608 2038 ‘Malum
645 1998 719 2038 est
754 1989 1029 2049 consilium,
1068 1990 1202 2053 quod
1240 1990 1413 2038 mutari
1450 2005 1553 2038 non
1587 1997 1763 2052 potest.

385 2070 688 2120 Beneficium
724 2072 892 2120 dando
927 2070 1134 2134 accepit,
1172 2069 1255 2133 qui
1291 2070 1442 2134 digno
1479 2069 1642 2119 dedit'
1669 2078 1759 2118 etc.
1788 2069 1910 2119 etc.’'

252 2178 551 2234 Macrobius,
577 2179 829 2227 Saturnal.
861 2196 901 2226 2.
934 2193 976 2240 7,
1010 2195 1030 2226 1
1060 2186 1178 2227 etc.:

353 2267 381 2288 ‘⁴
399 2262 496 2310 Sed
521 2261 637 2322 quia
661 2270 709 2309 et
733 2262 882 2323 paulo
907 2269 1024 2309 ante
1047 2259 1274 2308 Aurelius
1299 2258 1621 2322 Symmachus
1652 2267 1701 2306 et
1735 2273 1827 2321 ego
1859 2273 1994 2306 nunc

251 2341 444 2392 Laberii
468 2342 674 2391 fecimus
698 2341 1020 2400 mentionem,
1048 2341 1087 2390 si
1111 2340 1274 2403 aliqua
1297 2339 1441 2388 huius
1465 2348 1612 2402 atque
1638 2339 1834 2388 Publilii
1863 2339 1995 2389 dicta

248 2425 526 2484 referemus,
575 2422 851 2472 videbimur
897 2432 946 2472 et
992 2421 1263 2471 adhibendi
1309 2420 1536 2470 convivio
1585 2419 1763 2468 mimos
1814 2419 1993 2470 vitasse

247 2503 495 2553 lasciviam
522 2515 570 2553 et
595 2514 761 2553 tamen
787 2502 1139 2563 celebritatem,
1166 2519 1315 2565 quarn
1340 2518 1451 2550 cum
1480 2501 1659 2549 adsunt
1682 2500 1752 2568 illi
1781 2500 1992 2550 excitare

248 2587 555 2650 pollicentur,
614 2585 806 2634 imitari.
897 2584 1162 2634 Laberium
1219 2599 1419 2646 asperae
1477 2581 1713 2631 libertatis
1773 2581 1991 2644 equitem

251 2670 535 2717 Romanurn
571 2668 752 2716 Caesar
783 2665 1062 2729 quingentis
1095 2663 1308 2713 millibus
1344 2662 1566 2712 invitavit
1601 2672 1655 2711 ut
1689 2663 1906 2726 prodiret
1941 2664 1992 2712 in

248 2765 447 2798 scenam
480 2757 529 2797 et
564 2747 670 2810 ipse
706 2757 869 2809 ageret
903 2745 1081 2795 mimos
1114 2762 1238 2808 quos
1271 2743 1569 2808 scriptitavit.
1642 2744 1742 2792 Sed
1773 2753 1991 2807 potestas

248 2847 348 2881 non
382 2831 541 2879 solum
576 2829 616 2878 si
651 2828 821 2877 invitet
854 2829 938 2878 sed
974 2828 1120 2877 etiam
1157 2827 1198 2876 si
1233 2827 1479 2890 supplicet
1513 2824 1659 2890 cogit,
1686 2825 1818 2873 unde
1855 2841 1907 2874 se
1942 2835 1991 2875 et

249 2911 484 2961 Laberius
506 2928 537 2959 a
562 2912 773 2961 Caesare
797 2918 1024 2958 coactum
1051 2908 1103 2957 in
1128 2910 1333 2972 prologo
1358 2917 1562 2957 testatur
1596 2906 1670 2955 his
1704 2906 1984 2956 versibus...

905 3033 920 3058 ¹
951 3037 961 3055 ‘
975 3033 1160 3073 lochium
1174 3031 1184 3049 '
1205 3032 1332 3073 MSS.
