2232 3522
812 286 1306 328 INTRODUCTION.
1767 292 1931 325 xxxv

251 457 260 466 .
335 422 398 466 8⁰.
473 419 631 468 Lond.
710 432 851 481 1572.
925 417 1058 466 With
1084 418 1242 478 Cat03
1281 415 1554 474 Erasmian‚
1584 431 1673 478 271
1702 414 1916 465 verses*

252 553 262 563 .
336 518 400 564 8⁰.
463 513 608 582 [Mat.
638 511 839 580 Furen.]
901 513 1032 576 Lips.
1100 525 1241 576 1573.
1310 514 1371 561 In
1398 512 1562 561 Greek
1586 510 1753 559 heroic
1777 525 1930 558 verse.

253 654 262 665 .
337 616 431 664 Th.
468 614 699 678 Zwinger.
775 616 838 662 8⁰.
913 614 1056 662 Basil.
1134 628 1275 677 1575.
1351 615 1580 661 ‘Morum
1618 611 1935 675 philosophia

351 696 562 760 poetica,
583 713 643 745 ex
666 705 887 745 veterum
913 694 1168 758 utriusque
1192 694 1387 757 linguae
1411 703 1670 757 poetarum
1694 693 1935 742 thesauris

352 793 497 826 xvm.
533 777 668 826 libris
705 777 949 836 deducta,'
975 775 1088 824 with
1125 775 1470 825 emendations
1494 775 1652 823 which
1688 772 1935 824 Woelfflin

353 875 462 923 says
485 875 567 907 are
592 860 650 907 of
666 874 733 907 no
758 859 913 907 value.
975 860 1041 906 At
1068 859 1151 906 the
1177 873 1312 907 same
1331 857 1450 906 time
1469 857 1690 920 Zwinger
1708 857 1935 905 deserves

355 957 493 990 some
518 938 673 990 credit
697 941 772 989 for
793 939 1043 1003 following
1070 941 1302 988 Erasmus
1326 938 1426 987 and
1454 928 1705 987 Fabricius
1741 938 1935 987 instead

355 1023 412 1072 of
431 1023 753 1071 Panthaleon.

260 1164 269 1174 .
338 1127 381 1189 J.
412 1127 725 1174 Bene-natus.
801 1125 863 1171 8⁰.
939 1125 1044 1170 Par.
1123 1125 1262 1186 1576.
1335 1121 1470 1170 With
1501 1138 1531 1170 a
1568 1121 1761 1170 French
1794 1136 1939 1184 prose

355 1204 656 1256 translation.

258 1348 267 1357 .
346 1315 440 1357 12⁰.
513 1306 672 1375 [Hub.
735 1304 1154 1373 Scuttepytacus.]
1248 1309 1363 1356 Ant.
1465 1309 1604 1370 1576.
1691 1307 1939 1356 ‘Senecae
2023 1344 2026 1346 .

357 1391 611 1452 utriusque
662 1398 711 1438 et
762 1387 1046 1452 philosophi
1101 1397 1149 1437 et
1206 1398 1384 1451 poetae
1444 1386 1747 1436 sententiae.'
1818 1386 1941 1436 Loci

358 1488 649 1521 communes
683 1479 1039 1534 arrangement.
1113 1470 1290 1519 Priced
1320 1472 1386 1533 by
1411 1469 1626 1521 Claudin
1650 1471 1867 1534 recently
1891 1480 1943 1518 at

363 1570 386 1600 2
407 1555 460 1600 fr.
491 1567 552 1616 50
570 1569 610 1600 c.

344 1658 404 1704 R.
467 1656 744 1719 Stephanus
804 1653 909 1719 (the
967 1654 1190 1718 second).
1265 1655 1331 1702 8⁰.
1405 1656 1510 1703 Par.
1590 1669 1731 1718 1577.
1805 1656 1943 1704 After

361 1741 594 1787 Erasmus
628 1737 728 1785 and
766 1735 1032 1785 Fabricius.

264 1876 274 1888 .
345 1842 406 1888 R.
457 1840 752 1902 Stephanus.
828 1839 888 1885 8⁰.
965 1840 1072 1885 Par.
1151 1839 1292 1900 1580.
1363 1838 1503 1886 After
1553 1839 1786 1886 Erasmus
1841 1838 1942 1887 and

365 1920 631 1971 Fabricius.

262 2062 272 2072 .
345 2026 466 2075 Ge0.
498 2022 760 2072 Fabricius.
836 2021 970 2083 Lips.
1049 2022 1188 2084 1581.

261 2164 271 2174 .
347 2128 408 2174 8⁰.
483 2128 587 2174 Par.
668 2127 808 2188 1585.
882 2123 1014 2172 With
1039 2139 1069 2171 a
1094 2124 1133 2170 F
1136 2123 1286 2172 rench
1311 2139 1457 2186 prose
1481 2123 1783 2173 translation.

347 2219 425 2288 [C.
455 2219 756 2288 Egenolph.]
828 2222 998 2269 Franc.
1078 2222 1217 2283 1589.
1291 2221 1429 2269 After
1454 2222 1588 2270 Hen.
1616 2221 1907 2284 Stephanus.

349 2317 495 2366 Dion.
525 2317 854 2366 Godofredus.
919 2318 982 2364 8⁰.
1045 2314 1190 2364 Basil.
1259 2330 1398 2380 1590.
1463 2318 1523 2365 In
1548 2317 1633 2365 the
1657 2317 1749 2365 last
1775 2315 1945 2380 (sixth)

363 2401 560 2449 volume
590 2401 647 2449 of
674 2399 750 2448 his
783 2397 972 2448 edition
1006 2399 1064 2447 of
1092 2399 1295 2446 Seneca.
1370 2398 1664 2449 ‘Proverbia
1696 2399 1947 2449 Senecae.²

364 2480 610 2530 Woelfflin
635 2497 744 2544 says
773 2484 784 2506 ‘
803 2482 880 2528 De
906 2478 1149 2542 Dionysio
1175 2479 1464 2529 Godofredo
1489 2495 1650 2543 pauca
1669 2480 1912 2530 sufficient
1933 2498 1945 2528 t

363 2578 479 2610 nam
505 2561 679 2610 iniuria
704 2561 830 2610 inter
854 2560 1051 2610 Publilii
1081 2560 1294 2610 editores
1318 2562 1521 2610 refertur
1528 2599 1648 2610 ......
1659 2562 1738 2610 Ita
1761 2562 1943 2610 facturn

365 2653 453 2702 est,
502 2652 554 2691 ut
606 2643 874 2691 sententias
922 2642 1188 2705 pedestres,
1238 2657 1365 2705 quae
1412 2643 1463 2690 in
1510 2641 1730 2691 editione
1776 2651 1946 2690 nostra
1998 2665 2003 2668 ·

363 2723 534 2773 litteris
580 2722 827 2771 inclinatis
864 2738 1126 2785 expressae
1165 2731 1292 2780 sunt,
1333 2738 1428 2770 nec
1464 2721 1640 2771 iambis
1678 2722 1947 2781 clauderet,

364 2821 458 2854 nec
516 2806 735 2862 selectas,
786 2804 875 2852 sed
933 2802 1183 2852 universas
1241 2803 1494 2866 reciperet,
1548 2814 1693 2866 prout
1751 2819 1835 2851 eas
1894 2802 1944 2850 in

365 2885 620 2936 codicibus
659 2884 1058 2947 editionibusque
1095 2883 1297 2932 vetustis
1335 2893 1594 2947 repererat,
1632 2883 1847 2946 denique
1883 2899 1945 2932 ne

366 2967 684 3030 interpolatas
732 2965 935 3029 quidem
985 2983 1046 3016 ex
1098 2967 1317 3015 Senecae
1369 2966 1433 3015 de
1491 2964 1755 3015 clementia
1812 2964 1948 3013 libris

365 3048 542 3112 petitas
576 3063 797 3097 resecare
832 3047 1065 3097 auderet.'

1718 3141 1800 3179 62
