2232 3522
379 283 449 321 20
805 280 1077 322 PUBLILII
1116 281 1255 323 SYRI
1292 280 1701 322 SENTENTIAE.

311 407 467 490 IsIbi
506 420 636 480 pote
673 412 854 464 valere
892 411 1143 480 populuS,
1184 412 1276 464 ubi
1315 411 1463 478 leges
1502 411 1702 464 valent.

386 499 564 551 Iratus
602 499 725 566 plus
764 516 822 550 se
859 515 1022 566 posse
1060 516 1227 566 quam
1267 498 1442 565 possit
1480 505 1652 564 putat.

315 587 358 638 Z
388 585 642 636 Invectae
680 585 828 636 vocis
868 601 1172 651 numquam
1212 584 1436 635 libertas
1474 590 1632 635 tacet.

267 683 360 739 ,βαι
486 667 764 730 Improbe
805 669 1157 731 Neptunum
1195 672 1462 725 accusat,
1505 666 1606 729 qui
1644 666 1862 717 iterum
1900 667 2136 717 naufra-

259 741 267 752 ‘
551 748 713 811 gium
753 748 914 798 facit.

316 905 360 963 Σ
385 910 536 962 Loco
575 910 911 978 ignominiae
949 919 1033 963 est
1071 914 1219 979 apud
1260 915 1548 983 indignum
1588 915 1843 984 dignitas,
2055 940 2132 980 325

385 999 534 1050 Laus
572 1016 716 1050 nova
755 1000 856 1049 nisi
895 999 1080 1061 oritur,
1119 1001 1287 1052 etiarn
1326 1010 1486 1054 vetus
1525 1003 1810 1054 amittitur.

385 1085 565 1136 Laeso
603 1085 807 1137 doloris
847 1086 1150 1138 remedium
1191 1088 1396 1140 inimici
1436 1097 1520 1142 est
1559 1089 1729 1142 dolor.

385 1171 548 1223 Levis
587 1180 670 1223 est
710 1173 984 1224 Fortuna:
1038 1174 1148 1224 cito
1187 1177 1439 1242 reposcit,
1477 1178 1627 1244 quod
1666 1177 1832 1229 dedit.

337 1273 362 1309 5
387 1257 509 1308 Lex
548 1260 800 1311 universa
837 1266 935 1321 est,
976 1276 1120 1326 quae
1158 1261 1311 1314 iubet
1350 1266 1500 1316 nasci
1540 1273 1596 1316 et
1636 1265 1789 1316 mori.

329 1345 626 1418 sLucrum
666 1348 784 1398 sine
820 1348 1029 1399 damno
1068 1346 1291 1400 alterius
1330 1349 1445 1402 fieri
1485 1368 1596 1402 non
1635 1359 1833 1419 potest.
2059 1375 2139 1414 330

387 1431 638 1484 Lascivia
677 1441 732 1485 et
770 1433 889 1484 laus
929 1449 1234 1500 numquam
1273 1435 1480 1489 habent
1519 1438 1885 1489 concordiam.

318 1515 596 1585 -sLegem
636 1535 840 1570 nocens
878 1526 1110 1580 veretur,
1151 1520 1455 1574 Fortunam
1495 1524 1772 1574 innocens.

387 1603 603 1664 Libido,
642 1621 751 1656 non
791 1606 1054 1657 iudicium
1094 1614 1192 1669 est,
1230 1608 1381 1673 quod
1421 1608 1617 1661 levitas
1655 1609 1815 1676 sapit.

313 1709 364 1744 10
389 1691 590 1744 Libido
629 1700 859 1744 cunctos
897 1693 1065 1744 etiam
1105 1693 1207 1745 sub
1245 1694 1403 1746 vultu
1443 1695 1649 1748 domat.

306 1781 361 1832 Π
390 1779 646 1846 Longum
686 1787 783 1841 est,
823 1781 1213 1848 quodcumque
1252 1780 1523 1848 flagitavit
1560 1782 1849 1849 cupiditas
2061 1801 2137 1843 335

241 1864 364 1925 W
390 1866 606 1933 Lapsus
645 1865 815 1917 semel
853 1865 916 1917 fit
954 1866 1130 1933 culpa,
1169 1867 1213 1918 si
1253 1867 1450 1919 iterum
1489 1869 1764 1920 cecideris,

302 1940 512 2006 ts‘Lex
551 1951 702 2003 videt
741 1952 956 2015 iratum,
995 1953 1166 2004 iratus
1205 1952 1384 2020 legem
1426 1970 1536 2005 non
1577 1955 1742 2006 videt.

390 2038 598 2106 Legem
636 2037 777 2090 solet
815 2037 1125 2089 obliviscier
1161 2039 1459 2090 iracundia.

388 2151 469 2191 and
489 2152 532 2190 ‘I'
552 2151 689 2190 which
708 2151 813 2190 have
834 2148 1004 2202 exitum)
1031 2150 1102 2190 Gr.
1132 2150 1205 2190 Or.
1236 2151 1320 2190 Wo.
1342 2151 1413 2203 Sp.
1434 2151 1525 2191 Mr.
1573 2151 1683 2190 exire
1703 2151 1780 2189 Fr.
1866 2154 1946 2188 61.
2003 2154 2141 2201 potest

390 2206 425 2244 F
453 2206 522 2244 Fr.
586 2211 684 2256 pote
719 2205 789 2244 Gr.
823 2205 895 2244 Or.
925 2205 995 2244 Ri.
1039 2204 1122 2244 W‘o.
1152 2206 1223 2256 Sp.
1254 2205 1343 2244 Mr.
1400 2205 1511 2256 leges
1539 2205 1684 2257 populi
1712 2204 1850 2243 valent
1879 2204 1950 2242 Fr.
2013 2202 2044 2240 Z
2067 2202 2138 2254 (T)

389 2259 462 2299 has
477 2259 543 2310 63.
569 2271 632 2299 21.
660 2272 724 2298 22.
748 2272 811 2310 23.
834 2256 872 2298 6.
902 2271 962 2297 11.
984 2270 1023 2310 9.
1050 2272 1111 2308 14.
1138 2270 1199 2310 17.
1221 2257 1286 2309 64.
1447 2263 1530 2297 63.
1589 2258 1800 2298 Invectibe
1820 2258 1852 2296 Z
1872 2257 2042 2297 insanae
2060 2258 2137 2296 Fr.

391 2313 596 2365 malignae
615 2313 687 2352 Ri.
743 2312 970 2352 maledicae
989 2313 1079 2351 Mr.
1136 2313 1353 2352 invectae?
1380 2312 1593 2352 inversae?

471 2369 505 2406 Σ
527 2365 675 2418 (PRA)
696 2366 770 2406 has
794 2379 945 2413 1—103
978 2367 1010 2405 B
1030 2366 1105 2406 has
1127 2378 1255 2418 2—53
1284 2367 1318 2407 C
1339 2366 1413 2406 has
1438 2379 1550 2418 1—3.
1574 2368 1699 2416 5-8;
1731 2367 1759 2406 S
1780 2365 1855 2404 has
1882 2379 1995 2415 1—4.
2017 2364 2138 2405 6—8.

396 2434 455 2462 10.
484 2433 530 2472 53
559 2421 591 2459 Z
619 2421 693 2460 has
727 2432 840 2471 1—3.
866 2422 996 2471 5—8;
1024 2421 1068 2458 Ψ
1087 2421 1211 2470 [from
1239 2421 1289 2470 Σ]
1312 2418 1379 2472 (F)
1399 2421 1473 2460 has
1506 2433 1648 2460 1—10.
1778 2424 1824 2458 6.
1881 2420 1967 2459 sine
1987 2419 2141 2459 damno

391 2475 557 2515 alterius
584 2485 680 2513 MSS.
716 2475 800 2513 Wo.
822 2475 893 2526 Sp.
914 2475 1003 2513 Mr.
1025 2480 1103 2514 etc.
1159 2476 1314 2526 absque
1339 2475 1492 2514 damno
1518 2474 1653 2514 alieno
1678 2474 1752 2513 Fr.
1809 2474 1849 2512 Π
1870 2471 1947 2525 (Η)
1969 2473 2043 2512 has
2074 2485 2136 2513 11.

392 2530 435 2568 Ψ
460 2529 582 2578 [from
610 2529 668 2578 Π]
698 2527 765 2580 (F)
791 2528 866 2567 has
898 2540 1077 2579 11—17;
1106 2529 1149 2566 Ψ
1179 2529 1288 2568 Bart.
1319 2529 1424 2567 have
1457 2527 1531 2576 163
1563 2543 1588 2566 α
1615 2528 1690 2567 has
1724 2540 1785 2578 13.
1818 2540 1886 2577 143
1916 2542 1943 2566 o·
1968 2527 2042 2566 has
2073 2540 2135 2578 13.

396 2588 470 2622 u.
530 2583 700 2634 longum
728 2588 790 2621 est
817 2583 929 2634 quod
958 2582 1115 2634 flagitat
1143 2583 1347 2634 cupiditas
1378 2583 1461 2621 HF
1490 2582 1759 2634 longinquum
1788 2588 1850 2621 est
1877 2594 2000 2621 omne
2028 2581 2141 2633 quod

393 2637 597 2690 cupiditas
622 2635 780 2688 flagitat
803 2637 876 2676 Gr.
895 2637 972 2676 Bo.
1002 2638 1086 2676 Wo.
1142 2637 1311 2688 longum
1332 2643 1393 2676 est
1412 2636 1686 2689 quodcunque
1712 2635 1912 2687 flagitavit
1936 2635 2141 2687 cupiditas

394 2693 468 2731 Fr.
654 2694 733 2729 12.
788 2690 927 2742 lapsus
946 2691 1073 2730 semel
1093 2690 1138 2730 fit
1158 2691 1280 2742 culpa
1301 2691 1334 2729 F
1366 2692 1451 2730 Wo.
1472 2691 1542 2742 Sp.
1563 2691 1635 2729 Fr.
1692 2690 1830 2742 lapsus
1849 2689 1975 2729 semel
1995 2689 2063 2728 ubi
2086 2689 2141 2729 sis

395 2746 446 2786 sit
466 2751 537 2784 tua
555 2744 677 2796 culpa
697 2744 736 2785 O
756 2744 894 2795 lapsus
914 2744 983 2783 ubi
1003 2745 1129 2784 semel
1149 2745 1204 2784 sis
1222 2745 1274 2783 sit
1294 2751 1364 2784 tua
1383 2745 1505 2796 culpa
1523 2745 1613 2783 Mr.
1746 2748 1824 2782 14.
1882 2744 2015 2795 legem
2035 2743 2140 2782 solet

395 2799 582 2839 oblivisci
608 2798 910 2837 iracundia...F
931 2799 956 2837 l.
977 2811 1010 2837 s.
1032 2798 1266 2838 obliviscier
1290 2798 1500 2837 iracundia
1531 2798 1604 2838 Gr.
1661 2798 1794 2849 legem
1813 2797 2001 2837 oblivisci
2021 2797 2142 2837 solita

395 2859 455 2893 est
483 2852 695 2892 iracundia
722 2852 798 2891 Bo.
854 2851 987 2904 legem
1017 2852 1120 2892 solet
1151 2852 1338 2891 oblivisci
1366 2852 1427 2891 ira
1454 2865 1679 2903 numquam
1708 2853 1773 2891 lex
1802 2852 1904 2890 iram
1934 2851 2038 2891 solet
2065 2851 2139 2890 Fr.

587 2981 668 3016 64.
731 2975 898 3026 Quoted
917 2975 972 3026 by
993 2974 1153 3014 Gellius
1177 2983 1238 3023 17.
1267 2988 1314 3024 14
1335 2974 1419 3013 and
1441 2973 1691 3022 Macrobius,
1716 2974 1803 3012 Sat.
1827 2987 1864 3013 2.
1889 2983 1925 3023 7.

588 3051 632 3086 8.
694 3045 756 3086 Cf.
786 3045 956 3093 Seneca,
981 3045 1027 3083 de
1044 3045 1119 3082 Ira
1141 3056 1178 3082 2.
1201 3045 1239 3083 8.
1263 3056 1300 3082 2.
