2232 3522
590 281 859 322 PUBLILII
899 281 1036 322 SYRI
1077 282 1487 322 SENTENTIAE.
1852 285 1913 338 13

164 414 371 464 Futura
408 418 660 480 pugnant
699 427 768 462 ne
807 427 865 462 se
903 412 1146 478 superari
1186 411 1382 463 sinant.

164 497 355 545 Furor
390 495 457 544 fit
492 494 659 544 laesa
697 493 940 556 saepius
977 493 1288 557 patientia.

71 584 135 637 V
164 580 358 631 Fidem
397 579 491 646 qui
529 577 723 646 perdit,
764 578 906 628 ultra
943 578 1170 645 perdere
1211 578 1285 630 nil
1324 586 1521 646 potest.

90 681 141 716 15
166 666 424 718 Facilitas
462 665 632 717 animi
671 664 742 716 ad
782 672 996 731 partem
1035 664 1302 717 stultitiae
1341 665 1496 732 rapit.
1838 688 1915 727 205

96 735 181 796 as
165 753 330 804 Fides
369 753 423 803 in
463 752 725 812 animum,
765 751 912 802 unde
950 751 1102 813 abiit,
1144 768 1254 802 non
1296 768 1562 819 umquam
1603 752 1756 805 redit

108 816 181 898 vs
165 840 360 892 Fidem
401 855 565 890 nemo
604 855 869 905 umquam
910 837 1105 905 perdit,
1144 837 1246 889 nisi
1286 839 1379 905 qui
1420 856 1530 891 non
1570 838 1750 891 habet.

164 925 411 976 Fortuna
448 924 640 976 obesse
680 923 814 975 nulli
854 931 1117 975 contenta
1155 931 1238 975 est
1276 924 1460 977 semel.
1568 934 1570 937 ’

274 1008 507 1060 Fulmen
547 1017 644 1072 est,
683 1009 775 1060 ubi
816 1026 941 1060 cum
981 1017 1259 1076 potestate
1298 1010 1512 1062 habitat
1552 1010 1847 1062 iracundia,

91 1108 142 1144 20
210 1076 276 1171 s
276 1097 498 1147 Frustra
525 1114 649 1148 cum
678 1098 747 1148 ad
776 1105 1055 1148 senectam
1083 1105 1308 1148 ventum
1344 1105 1440 1158 est,
1466 1105 1682 1164 repetas
1703 1096 1916 1149 adoles-

379 1183 632 1234 centiam.
1840 1206 1921 1233 210

166 1268 391 1320 Falsum
432 1268 786 1320 maledictum
828 1267 1158 1319 malevolum
1200 1268 1549 1320 mendacium
1589 1276 1686 1321 est.

275 1356 538 1407 Feminae
575 1364 829 1407 naturam
870 1372 1056 1422 regere
1095 1355 1384 1422 desperare
1422 1363 1505 1406 est
1543 1355 1736 1407 otium.

168 1440 335 1491 Feras
373 1441 617 1492 difficilia
655 1449 716 1492 ut
755 1440 936 1492 facilia
974 1439 1228 1507 perferas.

92 1512 160 1589 ks
168 1527 414 1579 Fortuna
452 1528 624 1578 vitrea
662 1535 774 1579 est:
824 1535 942 1579 tum
983 1544 1107 1578 cum
1147 1526 1402 1594 splendet
1440 1526 1720 1594 frangitur.

94 1627 145 1664 2³
170 1614 336 1664 Feras
375 1614 523 1679 quod
564 1612 749 1674 laedit,
787 1613 933 1664 unde
970 1614 1119 1680 quod
1160 1613 1386 1680 prodest
1424 1612 1578 1664 feras
1841 1634 1916 1674 215

169 1699 326 1750 Facit
363 1706 582 1766 gratum
625 1698 883 1761 Fortuna,
923 1715 1088 1766 quem
1129 1715 1292 1750 nemo
1330 1699 1493 1750 videt.

168 1846 334 1894 quassat
360 1839 499 1880 omnia
518 1840 590 1878 Fr.
611 1839 694 1891 Hg.
751 1852 912 1878 cassum
938 1852 1100 1891 semper
1125 1840 1217 1879 est?
1394 1843 1472 1877 12.
1528 1845 1714 1891 pugnant
1741 1839 1917 1880 PaRFC

169 1909 254 1935 non
280 1901 465 1947 pugnant
487 1894 585 1932 PbB
612 1900 800 1945 pungunt
825 1893 897 1933 Ri.
954 1906 1030 1933 nec
1053 1894 1091 1932 R
1118 1894 1192 1933 Bo.
1227 1894 1311 1932 Wo.
1332 1906 1385 1933 ne
1407 1893 1513 1932 PBF
1518 1894 1551 1933 C
1578 1894 1648 1933 Gr.
1674 1894 1743 1945 Sp.
1762 1894 1852 1932 Mr.
1874 1899 1918 1933 ut

169 1962 253 1989 non
271 1950 345 1988 Fr.
487 1952 565 1986 14.
625 1947 727 1986 nihil
748 1954 883 2000 potest
902 1948 1015 1987 LEC
1035 1947 1138 1986 nihil
1158 1948 1308 1999 poterit
1327 1948 1365 1986 T
1384 1960 1426 1986 n.
1445 1961 1484 1988 u.
1510 1947 1680 1999 perdere
1699 1954 1835 2000 potest
1857 1948 1920 1988 SZ

169 2017 211 2043 u.
250 2003 365 2055 perd.
409 2002 467 2041 nil
515 2008 651 2053 potest
699 2002 833 2041 Halm
881 2015 922 2041 n.
960 2008 1058 2053 pote
1103 2001 1210 2041 ultra
1257 2001 1428 2054 perdere
1475 2003 1545 2054 Sp.
1595 2002 1679 2041 Wo.
1719 2003 1809 2041 Mr.
1840 2003 1915 2041 Fr.

174 2062 254 2096 1⁶.
310 2057 438 2096 animi
468 2066 564 2095 MSS.
594 2056 672 2096 Er.
712 2056 784 2095 Gr.
813 2055 888 2095 Be.
928 2056 1002 2095 Or.
1030 2055 1106 2095 Bo.
1136 2055 1266 2095 nimia
1303 2056 1388 2095 Wo.
1410 2056 1480 2095 Ri.
1537 2055 1591 2095 ad
1619 2062 1781 2107 partem
1819 2066 1916 2096 MSS.

170 2112 250 2152 Er.
291 2112 364 2151 Gr.
396 2112 469 2150 Be.
509 2111 581 2150 Or.
613 2110 687 2149 Bo.
716 2110 820 2157 ,Wo.
850 2116 1007 2161 partem
1041 2111 1110 2161 Sp.
1150 2110 1223 2149 Ri.
1280 2110 1388 2162 sapit
1421 2110 1578 2149 PRBA
1611 2111 1684 2161 Sp.
1706 2111 1780 2149 Ri.
1810 2110 1918 2163 rapit

171 2165 333 2217 132ch
354 2166 435 2204 Er.
461 2165 531 2204 Gr.
557 2164 629 2203 Be.
655 2164 727 2203 Or.
748 2165 822 2204 Bo.
857 2164 942 2203 Wo.
972 2164 1083 2216 capit
1102 2164 1187 2202 Bu.
1219 2163 1316 2204 facit
1336 2165 1411 2203 Fr.
1592 2168 1669 2203 16.
1725 2165 1921 2204 unanima

171 2230 270 2259 MSS.
299 2225 445 2271 except
473 2219 516 2258 in
545 2218 725 2257 animam
757 2218 784 2258 S
814 2225 859 2258 ut
888 2218 1026 2257 anima
1051 2219 1132 2257 Er.
1154 2224 1232 2258 etc.
1263 2218 1366 2258 sieut
1391 2218 1531 2257 anima
1560 2218 1644 2258 Wo.
1673 2218 1716 2258 in
1736 2219 1919 2258 animum

172 2275 244 2326 Sp.
278 2275 368 2313 Mr.
399 2273 458 2313 uti
492 2272 631 2312 anima
657 2273 729 2312 Fr.
789 2272 891 2311 abiit
919 2271 985 2312 CS
1014 2273 1092 2312 Er.
1130 2272 1199 2312 Gr.
1225 2273 1295 2312 Be.
1328 2272 1400 2311 Or.
1428 2272 1502 2311 Bo.
1541 2273 1623 2312 Wo.
1645 2273 1714 2312 Ri.
1735 2273 1808 2324 Sp.
1829 2273 1918 2312 Mr.

170 2329 246 2368 Fr.
267 2328 353 2367 abit
380 2328 415 2367 F
442 2327 566 2366 habet
588 2327 756 2366 PBRA.
813 2339 863 2366 eo
883 2339 1094 2378 nunquam
1124 2326 1231 2366 redit
1260 2335 1357 2365 MSS.
1384 2339 1596 2378 nunquam
1625 2339 1676 2366 eo
1704 2327 1809 2366 redit
1838 2327 1919 2366 Ρη.

172 2382 238 2422 vix
267 2395 464 2435 umquam
492 2382 563 2433 Sp.
594 2394 677 2420 non
705 2393 887 2433 unquam
917 2381 988 2420 Fr.
1051 2379 1152 2420 fides
1171 2387 1216 2419 ut
1236 2380 1374 2420 anima
1392 2380 1503 2420 unde
1522 2381 1608 2420 abit
1628 2393 1679 2420 eo
1694 2393 1920 2434 numquam

172 2436 307 2476 redit?
463 2439 548 2474 28.
605 2435 710 2474 feras
732 2435 882 2474 PRFC
912 2435 996 2473 Wo.
1018 2435 1088 2473 Ri.
1109 2435 1180 2486 Sp.
1206 2435 1292 2473 Mr.
1313 2435 1383 2473 Fr.
1404 2433 1465 2474 fer
1485 2435 1518 2473 B
1539 2435 1618 2474 Er.
1649 2435 1719 2475 Gr.
1750 2436 1823 2475 Or.
1845 2435 1920 2474 Bo.

171 2490 355 2530 difficilia
386 2495 431 2530 ut
463 2489 600 2529 facilia
634 2499 731 2529 MSS.
764 2490 836 2541 Sp.
864 2489 954 2527 Mr.
981 2487 1058 2528 fac.
1088 2495 1133 2527 ut
1161 2488 1248 2527 diff.
1274 2488 1349 2528 Be.
1386 2489 1469 2528 Wo.
1526 2488 1653 2528 levias
1679 2489 1858 2541 perferas
1888 2490 1922 2528 F

172 2557 304 2597 prope
335 2544 514 2596 perferas
549 2543 577 2583 S
612 2543 830 2595 perfeceris
865 2543 899 2583 C
934 2542 1039 2582 feras
1071 2542 1238 2582 difficile
1269 2542 1390 2582 facile
1427 2549 1470 2582 ut
1508 2542 1667 2583 facilius
1703 2543 1809 2583 feras
1845 2544 1920 2582 Fr.

171 2598 303 2638 levius
321 2598 426 2638 feras
446 2599 527 2637 Er.
550 2598 678 2637 levius
699 2596 877 2649 perferes
900 2597 972 2636 Gr.
1002 2597 1072 2636 Or.
1098 2597 1171 2636 Bo.
1339 2600 1421 2635 2³.
1478 2602 1522 2636 ut
1541 2604 1582 2637 et
1601 2598 1772 2650 Ingolst.
1793 2597 1923 2637 editor

172 2658 218 2692 ut
238 2659 278 2692 et
297 2652 340 2691 id
365 2653 438 2692 Gr.
463 2652 534 2692 Or.
594 2651 700 2691 feras
721 2661 818 2690 MSS.
839 2651 1018 2703 perferas
1037 2651 1116 2690 Er.
1142 2651 1223 2689 Ρη.
1254 2651 1338 2690 Wo.
1360 2651 1434 2690 Ri.
1490 2651 1600 2691 unde
1623 2652 1736 2704 quod
1755 2651 1923 2703 prodest

172 2706 279 2746 feras
298 2707 370 2746 Fr.
549 2709 629 2744 26.
688 2705 784 2745 facit
802 2711 965 2757 gratum
986 2715 1081 2744 MSS.
1104 2703 1265 2757 (except
1284 2711 1427 2756 gatum
1448 2705 1504 2754 R)
1524 2706 1605 2745 Er.
1630 2706 1703 2746 Gr.
1728 2706 1799 2745 Or.
1835 2706 1917 2746 W».

171 2761 345 2812 gradum
382 2760 465 2812 Hg.
509 2760 676 2811 Bipont.
716 2759 843 2798 editor
878 2759 1030 2798 Nauck
1066 2760 1156 2798 Mr.
1213 2765 1347 2798 ratum
1384 2759 1457 2798 Ri.
1513 2766 1675 2812 gratum
1712 2759 1809 2800 facit
1847 2760 1918 2800 Be.

172 2814 336 2854 fortuna
348 2820 511 2866 gratum
527 2814 577 2852 L.
591 2813 683 2852 and
697 2815 751 2852 A.
770 2813 951 2864 Spengel.
972 2825 1095 2865 quem
1118 2813 1297 2852 PaRAF
1322 2813 1406 2852 Wo.
1427 2826 1552 2865 quam
1570 2814 1632 2853 Pb
1646 2814 1728 2853 Er.
1749 2814 1822 2854 Gr.
1847 2814 1920 2854 Or.

392 2984 472 3018 18.
530 2978 698 3029 Quoted
718 2979 772 3031 by
793 2978 953 3019 Gellius
978 2989 1038 3030 17.
1069 2992 1115 3030 14
1134 2979 1218 3018 and
1239 2979 1490 3028 Macrobius,
1515 2981 1602 3020 Sat.
1625 2994 1662 3020 2.
1688 2993 1724 3031 7.

389 3050 472 3088 28.
533 3046 599 3087 Cf.
621 3046 792 3092 Seneca,
815 3047 976 3097 Thyest.
998 3058 1090 3098 307.
