2232 3522
246 249 324 300 xii
871 261 1362 303 INTRODUCTloN.

244 390 471 439 virtutem
496 390 891 440 transtulissent1.
965 393 1096 439 Nam
1122 399 1175 439 ut
1200 399 1446 439 transeam
1469 390 1846 441 innumerabilia
1864 407 1990 454 quae

247 468 422 519 Cicero
464 467 514 516 in
557 467 860 518 orationibus
901 478 986 517 aut
1021 469 1070 516 in
1108 484 1335 517 sermone
1376 467 1498 518 dixit
1533 486 1593 518 ex
1629 467 1729 536 [ea]
1770 479 1900 530 nota,
1937 478 1992 518 ut

245 562 347 594 non
379 546 584 594 referam
617 562 646 593 a
679 546 889 594 Laberio
921 546 1067 601 dicta,
1101 562 1216 594 cum
1250 546 1388 595 mimi
1424 546 1527 596 eius
1563 546 1805 610 quidquid
1839 546 1992 596 modo

245 623 498 672 tolerabile
522 623 707 672 habent
732 624 829 672 tale
862 625 1079 673 habeant
1088 660 1208 671 ......
1283 627 1349 674 At
1372 623 1447 673 his
1471 624 1617 674 huius
1644 624 1792 674 studii
1816 625 1992 674 diffusa

245 710 319 750 est
341 699 393 748 in
416 702 580 763 plures
605 699 843 750 imitatio.'

245 799 446 858 Seneca,
479 799 844 858 Controversiae,
869 813 958 847 v11.
988 815 1033 858 4,
1060 800 1090 846 8
1116 799 1184 863 (p.
1213 815 1324 861 332,
1351 799 1381 847 1.
1413 815 1474 845 20
1502 797 1802 860 Kiessling):

348 878 455 925 “In
480 877 573 925 hac
598 877 929 925 controversia
963 876 1289 925 Publilianam
1322 875 1616 925 sententiam
1648 875 1787 924 dedit
1820 877 1994 924 Festus

247 953 452 1017 quidam
488 955 665 1012 rhetor,
704 962 915 1003 staturae
951 953 1172 1017 pusillae,
1211 954 1261 1002 in
1303 970 1452 1017 quem
1500 956 1793 1012 Euctemon,
1840 953 1993 1002 homo

246 1031 577 1081 venustissimi
635 1032 815 1095 ingeni,
870 1034 1059 1081 Graece
1118 1031 1268 1080 dixit:
1327 1040 1595 1094 antequam
1653 1041 1703 1080 te
1759 1030 1991 1089 viderem,

247 1111 530 1159 nesciebam
577 1110 797 1159 rhetoras
837 1109 1119 1159 victoriatos
1160 1126 1281 1159 esse.
1355 1109 1468 1158 Fuit
1509 1118 1672 1159 autern
1716 1107 1849 1157 Festi
1889 1124 1995 1157 sen-

247 1190 430 1237 tentia:
471 1192 482 1214 ‘
498 1193 672 1251 captus
698 1198 785 1248 est,
811 1187 984 1251 inquit,
1012 1189 1180 1251 pater.'
1250 1189 1298 1237 Si
1323 1197 1372 1237 te
1398 1187 1529 1251 capti
1553 1195 1770 1245 movent,
1797 1195 1846 1235 et
1870 1186 1994 1234 haec

246 1274 392 1328 capta
437 1274 524 1315 est.
598 1267 663 1314 Et
709 1265 850 1328 quasi
899 1282 1001 1315 non
1047 1266 1487 1315 intellexissemus:
1537 1281 1602 1314 an
1649 1263 1847 1313 nescitis
1896 1262 1995 1312 dici

251 1348 449 1406 ‘captos
484 1343 851 1393 luminibus'?''

248 1440 450 1499 Seneca,
477 1440 684 1502 Epistol.
712 1441 895 1488 Moral.
926 1442 970 1499 8,
997 1440 1055 1488 8:

352 1517 655 1578 “Quantum
703 1516 1132 1566 disertissimorum
1174 1534 1400 1567 versuum
1442 1517 1568 1567 inter
1613 1516 1792 1566 mimos
1838 1515 1995 1565 iacet!

250 1610 400 1656 quam
434 1596 590 1643 multa
624 1594 819 1644 Publilii
850 1611 952 1644 non
985 1595 1290 1652 excalceatis,
1327 1597 1415 1645 sed
1447 1594 1752 1646 cothurnatis
1785 1593 1997 1644 dicenda

248 1679 390 1724 sunt!
462 1662 635 1725 Unum
660 1692 852 1724 versum
881 1676 999 1733 eius,
1027 1676 1111 1739 qui
1136 1678 1200 1726 ad
1226 1675 1594 1740 philosophiam
1619 1676 1834 1740 pertinet
1860 1684 1908 1725 et
1932 1675 1996 1724 ad

245 1756 376 1805 hanc
407 1766 610 1819 partem,
639 1773 765 1819 quae
797 1757 950 1806 modo
980 1759 1070 1805 fuit
1103 1758 1153 1805 in
1187 1757 1427 1818 manibus,
1462 1758 1683 1818 referam,
1719 1773 1818 1820 quo
1849 1765 1997 1821 negat

244 1836 444 1887 fortuita
466 1836 518 1885 in
544 1847 713 1886 nostro
736 1838 997 1889 habenda:

451 1919 709 1967 ‘Alienum
745 1930 819 1968 est
855 1935 1021 1981 omne,
1057 1919 1296 1983 quicquid
1332 1920 1556 1982 optando
1593 1918 1827 1968 evenit.'''

247 2017 453 2075 Seneca,
477 2017 684 2079 Epistol.
710 2017 894 2064 Moral.
924 2032 1002 2079 94,
1033 2017 1124 2064 28:

354 2096 658 2159 “Numquid
697 2096 938 2146 rationem
975 2096 1153 2161 exiges,
1191 2113 1306 2146 cum
1343 2096 1431 2146 tibi
1471 2095 1646 2159 aliquis
1689 2097 1779 2146 hos
1822 2095 1997 2146 dixerit

248 2193 416 2227 versus
432 2180 521 2227 P—

588 2243 910 2293 ‘Iniuriarum
945 2243 1218 2294 remedium
1254 2253 1327 2293 est
1363 2243 1579 2294 oblivio.’

590 2331 602 2353 ‘
617 2327 874 2375 Audentes
899 2327 1094 2375 fortuna
1118 2326 1281 2374 iuvat.'
1297 2325 1321 2346 ’'

250 2425 453 2481 Seneca,
478 2422 684 2485 Epistol.
712 2422 894 2470 Moral.
925 2437 1004 2484 94,
1032 2438 1127 2484 43:

352 2508 382 2530 “
398 2503 522 2564 Quis
541 2501 788 2566 negaverit
806 2500 933 2550 feriri
954 2502 1249 2565 quibusdam
1269 2499 1542 2564 praeceptis
1568 2499 1829 2550 efficaciter
1848 2499 1997 2549 etiam

247 2583 676 2648 imperitissimos?
742 2585 889 2632 Velut
936 2583 1011 2631 his
1050 2582 1345 2632 brevissimis
1386 2583 1605 2640 vocibus,
1646 2583 1734 2632 sed
1783 2583 1995 2631 multum

251 2664 547 2715 habentibus
582 2663 848 2727 ponderis:

521 2744 686 2793 ‘Nihil
720 2743 898 2793 nimis.'

522 2829 741 2875 ‘Avarus
774 2825 966 2875 animus
1002 2827 1139 2874 nullo
1175 2825 1376 2874 satiatur
1408 2824 1576 2874 1ucro.’

522 2907 632 2958 ‘Ab
667 2906 764 2957 alio
800 2916 1072 2970 exspectes,
1109 2905 1249 2955 alteri
1284 2906 1419 2968 quod
1454 2904 1698 2955 seceris.”’

832 3021 848 3047 ¹
878 3027 887 3045 ‘
902 3020 1202 3071 transtulisset,’
1224 3022 1411 3062 Bursian.
