2232 3522
602 281 870 322 PUBLILII
911 282 1049 324 SYRI
1092 283 1507 325 SENTENTIAE.
1868 290 1933 343 37

92 416 151 467 Ψ
285 410 425 479 Spes
464 418 547 463 est
586 412 790 476 salutiS‚
831 413 921 465 ubi
962 414 1243 466 hominem
1282 415 1539 483 obiurgat
1577 418 1766 484 pudor.

178 496 425 550 Suadere
463 498 718 565 primum,
756 500 884 550 dein
925 501 1196 567 corrigere
1233 501 1485 552 benevoli
1526 510 1621 554 est.

177 584 412 653 Sapiens
450 593 643 637 contra
679 603 873 638 omnes
911 604 1065 638 arma
1104 587 1220 650 fert,
1260 604 1386 639 cum
1426 589 1649 656 cogitat.
1856 601 1933 653 635

177 670 599 724 Sanctissimum
639 680 723 724 est
761 673 1091 735 meminisse,
1130 673 1215 724 cui
1255 682 1311 725 te
1350 674 1567 727 debeas,

77 741 348 830 MStulti
388 759 586 811 timent
625 759 918 823 fortunam,
957 761 1234 827 sapientes
1274 760 1467 814 ferunt.

85 831 399 909 MSensuQ
438 863 549 898 non
588 854 740 898 aetas
779 847 991 899 invenit
1029 848 1371 914 sapientiam.

178 930 412 999 Semper
449 932 670 984 beatam
711 950 769 984 se
807 941 969 1000 putat
1007 933 1338 1001 benignitas,

179 1018 359 1086 Saepe
399 1019 739 1085 ignoscendo
776 1021 876 1071 das
916 1020 1144 1071 iniuriae
1183 1019 1379 1073 locum.
1857 1033 1938 1084 640

178 1103 335 1157 Solet
373 1120 492 1155 esse
530 1104 585 1155 in
623 1106 807 1157 dubiis
846 1123 945 1174 pro
984 1106 1213 1157 consilio
1251 1109 1550 1160 temeritas,

104 1202 155 1239 10
179 1191 414 1260 Semper
449 1193 738 1244 consilium
779 1201 911 1245 tunc
950 1195 1108 1246 deest
1147 1210 1272 1244 cum
1311 1203 1395 1246 est
1435 1213 1575 1263 opus
1614 1196 1876 1247 maxime.

179 1277 414 1345 Sapiens
452 1279 603 1346 quod
642 1280 848 1347 petitur
885 1281 978 1332 ubi
1017 1288 1180 1343 tacet,
1220 1281 1458 1334 breviter
1495 1292 1677 1351 negat.

178 1363 412 1431 Semper
448 1365 573 1432 plus
613 1367 809 1418 metuit
848 1367 1066 1418 animus
1105 1367 1357 1434 ignotum
1397 1369 1622 1422 malum.

119 1450 437 1600 sgecunda
474 1451 527 1502 in
568 1460 894 1519 paupertate
934 1452 1155 1504 fortuna
1193 1461 1276 1506 est
1315 1454 1464 1507 fides,
1857 1466 1934 1517 645

224 1536 239 1586 i
279 1536 354 1587 nil
395 1536 529 1589 velis
567 1538 774 1602 timere,
813 1546 1030 1591 metuas
1069 1540 1269 1591 omnia.

105 1634 156 1671 15
180 1623 549 1677 Summissum
588 1626 879 1693 imperium
921 1643 1031 1677 non
1070 1634 1223 1678 tenet
1260 1628 1402 1680 vires
1441 1645 1582 1680 suaS.

182 1709 470 1763 Secundus
509 1719 593 1764 est
633 1729 666 1764 a
704 1720 880 1764 matre
919 1713 1148 1764 nutricis
1187 1712 1359 1766 dolor.

182 1797 299 1851 Sibi
338 1798 669 1866 supplicium
710 1801 827 1868 ipse
866 1800 976 1862 dat,
1015 1815 1181 1867 quem
1221 1799 1447 1852 admissi
1488 1802 1747 1869 poenitet.

260 1929 303 1967 Ψ
328 1928 451 1978 [from
474 1930 532 1980 II]
559 1930 628 1979 (F)
649 1930 723 1970 has
750 1931 771 1969 I
793 1930 842 1971 62
867 1928 995 1981 (322).
1022 1942 1172 1981 ι-4ῐ;
1218 1932 1250 1981 ψ
1275 1929 1351 1969 has
1382 1943 1415 1969 1.
1439 1929 1499 1970 16.
1526 1939 1587 1980 17.
1611 1943 1674 1970 21.
1695 1944 1758 1971 22.
1782 1928 1846 1970 26.
1870 1940 1934 1980 27.

182 1994 246 2036 29.
269 1996 333 2034 34.
357 1994 433 2035 37;
462 1998 494 2023 π
514 1984 588 2024 has
608 1985 628 2024 I
650 1984 699 2025 62
723 1983 851 2035 (322).
872 1983 910 2024 6.
933 1996 971 2033 5.
993 1997 1140 2038 9—12.
1167 1982 1228 2023 16.
1255 1994 1316 2035 17.
1339 1995 1404 2023 22.
1427 1995 1490 2033 23.
1517 1985 1582 2026 26.
1607 1996 1670 2034 27.
1694 1997 1758 2040 29.
1782 1997 1845 2036 33.
1870 1998 1934 2035 34.

182 2049 247 2088 37.
283 2049 349 2088 40.
384 2051 450 2088 41.
618 2043 660 2076 1.
719 2039 790 2078 ubi
823 2038 1035 2078 hominem
1069 2038 1103 2077 F
1142 2038 1295 2077 editors
1327 2045 1474 2090 except
1510 2039 1722 2079 hominem
1756 2039 1827 2079 ubi
1858 2039 1933 2078 Fr.

182 2094 230 2129 2.
287 2091 478 2131 benevoli
505 2098 565 2132 est
585 2093 681 2133 dein
707 2092 910 2145 corrigere
939 2093 972 2132 F
998 2092 1039 2132 d.
1062 2105 1097 2132 c.
1118 2092 1160 2131 b.
1182 2105 1218 2132 e.
1250 2092 1334 2131 Wo.
1356 2093 1426 2144 Sp.
1444 2093 1533 2131 Mr.
1591 2106 1624 2133 5.
1646 2093 1687 2132 b.
1708 2106 1744 2133 e.
1766 2106 1808 2145 p.
1831 2093 1872 2132 d.
1895 2106 1931 2132 c.

186 2145 258 2185 Gr.
285 2145 356 2185 Or.
413 2146 454 2185 d.
477 2159 512 2186 c.
529 2160 565 2186 e.
587 2147 627 2186 b.
650 2148 725 2186 Bo.
746 2147 819 2186 Ri.
841 2148 916 2186 Fr.
1137 2151 1185 2184 8.
1242 2147 1406 2198 sapiens
1425 2160 1587 2200 semper
1606 2147 1844 2199 quiescendi
1864 2147 1935 2186 dat

181 2199 319 2239 locum
353 2199 525 2240 iniuriae
555 2201 589 2239 F
645 2214 768 2254 saepe
798 2201 1052 2254 ignoscendo
1081 2201 1155 2239 das
1188 2200 1360 2240 iniuriae
1388 2201 1526 2240 locum
1559 2202 1631 2242 Gr.
1672 2202 1743 2241 Or.
1812 2214 1937 2253 saepe

182 2253 434 2306 ignoscendo
461 2254 632 2294 iniuriae
658 2255 821 2295 dederis
847 2255 983 2294 locum
1009 2256 1085 2294 Bo.
1114 2255 1185 2294 Ri.
1244 2267 1367 2307 saepe
1393 2255 1645 2307 ignoscendo
1671 2255 1745 2296 des
1763 2255 1937 2295 iniuriae

182 2307 319 2348 locum
350 2309 433 2348 Wo.
491 2309 654 2361 sapiens
674 2309 811 2350 locum
831 2309 903 2348 dat
923 2308 1206 2361 requiescendi
1227 2308 1399 2348 iniuriae
1418 2310 1489 2361 Sp.
1537 2322 1700 2362 semper
1719 2309 1935 2363 quiescens

182 2362 256 2402 des
294 2362 466 2402 iniuriae
503 2363 641 2403 locum
678 2365 768 2403 Mr.
839 2363 1036 2415 sapientis
1073 2363 1144 2402 dat
1182 2363 1299 2415 quies
1336 2363 1508 2403 iniuriae
1544 2363 1712 2404 Iocum?
1771 2364 1936 2416 sapiens

183 2415 356 2457 iniuriae
388 2416 642 2469 ignoscendo
675 2418 747 2458 dat
780 2417 948 2458 locum?
1079 2421 1159 2456 10.
1216 2430 1310 2456 cum
1340 2424 1400 2457 est
1434 2430 1539 2470 opus
1574 2418 1609 2457 F
1642 2419 1712 2470 Sp.
1768 2418 1937 2471 quando

183 2471 364 2565 {inaxime
389 2484 494 2524 opus
520 2478 581 2512 est
601 2487 627 2511 α
658 2485 767 2565 tcum
788 2485 892 2524 opus
912 2478 972 2512 est
991 2479 1089 2511 tunc
1103 2471 1285 2565 tmaxime
1310 2472 1426 2565 desst
1450 2485 1696 2566 {br-llsemlp'er
1720 2472 1935 2566 εῗύιείὶὶἓῐῃ

214 2537 282 2564 ees
338 2538 431 2565 cum
469 2538 494 2565 0
529 2539 575 2566 us
612 2539 655 2566 es
710 2540 737 2566 σ
792 2539 887 2566 cum
920 2539 945 2565 o
978 2539 1024 2566 us
1057 2539 1100 2566 es
1156 2538 1335 2565 maxime
1412 2539 1449 2565 es
1475 2540 1490 2566 z
1524 2539 1577 2566 on
1669 2540 1704 2566 o.
1792 2540 1828 2565 r.
1898 2540 1934 2564 r.

189 2583 265 2616 u..
322 2591 414 2618 cum
446 2538 598 2632 pelam
627 2580 661 2619 si
692 2586 799 2620 tacet
831 2580 870 2621 O
904 2539 994 2619 llll}-
1052 2580 1163 2632 quod
1201 2580 1355 2632 petitur
1386 2580 1457 2619 ubi
1495 2586 1604 2620 tacet
1643 2581 1678 2619 F
1716 2595 1804 2620 απσ·
1851 2582 1935 2620 Wo.

185 2633 256 2684 Sp.
288 2633 362 2672 Fr.
418 2634 596 2686 graviter
627 2634 666 2675 O
697 2635 786 2673 Mr.
843 2635 949 2674 bene
978 2649 1010 2673 π
1051 2634 1203 2674 habere
1238 2648 1264 2672 α
1304 2635 1484 2674 breviter
1512 2634 1547 2674 F
1581 2648 1607 2674 o·
1645 2636 1727 2674 Wo.
1757 2636 1828 2687 Sp.
1858 2636 1932 2674 Fr.

190 2690 268 2725 1¹7.
325 2686 403 2726 sibi
430 2688 509 2740 ipsi
539 2688 574 2727 F
603 2691 670 2739 πψ
703 2689 774 2728 Gr.
807 2689 890 2728 Wo.
947 2702 980 2728 s.
1009 2688 1098 2741 ipse
1112 2689 1186 2728 Be.
1213 2688 1284 2728 Or.
1306 2689 1379 2728 Bo.
1439 2689 1511 2728 dat
1540 2689 1783 2741 supplitium
1811 2702 1934 2742 quem

187 2740 354 2780 admissi
379 2742 537 2793 penitet
565 2742 599 2781 F
629 2745 661 2793 ψ
688 2741 842 2794 (amissi
870 2741 916 2794 π)
979 2742 1022 2782 d.
1049 2755 1082 2782 5.
1110 2755 1151 2795 q.
1179 2755 1217 2781 a.
1247 2742 1375 2794 pudet
1406 2743 1478 2782 Gr.
1506 2743 1580 2783 Be.
1606 2744 1678 2784 Or.
1700 2743 1775 2783 Bo.
1843 2756 1937 2796 sup-

187 2793 356 2847 plicium
377 2795 544 2835 admissi
564 2809 688 2849 quem
709 2796 892 2849 paenitet
921 2798 1004 2836 Wo.
1053 2809 1085 2836 s.
1106 2796 1185 2849 ipsi
1205 2796 1277 2836 dat
1297 2809 1386 2849 sup.
1409 2809 1450 2849 q.
1471 2810 1509 2836 a.
1532 2797 1658 2850 pudet
1679 2799 1750 2849 Sp.
1798 2811 1829 2837 s.
1847 2811 1936 2850 sup.

273 2923 349 2957 u.
407 2919 473 2960 Cf.
494 2920 737 2967 Menander,
758 2923 931 2962 Monost.
959 2934 1036 2974 223
1056 2922 1082 2969 ὴ
1099 2919 1180 2972 γὰρ
1199 2921 1332 2970 σιωπὴ
1350 2923 1542 2973 μαρτυρεῖ
1557 2924 1603 2962 τὸ
1622 2923 1677 2971 μὴ
1698 2923 1844 2962 θέλειν.

274 2992 353 3026 1⁷.
410 2987 475 3029 Cf.
496 2989 739 3038 Menander,
762 2990 938 3031 Monost.
963 2989 1042 3042 667
1061 2990 1088 3039 ἡ
1108 2991 1151 3030 δὲ
1175 2990 1365 3038 μετάνοια
1390 2989 1545 3042 γίγνετ’
1573 2993 1794 3043 ἀνθρώποις
1818 2994 1941 3043 κρίσις

190 3055 273 3096 and
294 3055 464 3102 Seneca,
485 3056 615 3096 deira
636 3071 675 3110 3.
698 3056 762 3099 26.
784 3070 822 3098 2.
