2232 3522
313 250 381 300 26
736 262 1008 303 PUBLILII
1047 264 1185 305 SYRI
1225 264 1634 313 SENTENTIAE.

313 391 466 442 Nulli
506 392 718 444 facilius
756 410 923 460 quam
965 393 1111 444 malo
1150 395 1393 446 invenies
1433 411 1640 462 parem.

240 495 290 531 20
313 479 407 530 Nil
446 497 557 531 non
596 480 853 532 acerbum
894 481 1043 547 prius
1082 498 1250 548 quam
1290 490 1568 533 maturum
1609 481 1725 533 fuit.

255 566 529 617 Nocere
567 583 729 633 posse
767 574 823 617 et
862 567 1008 618 nolle
1045 567 1163 618 laus
1202 567 1546 635 amplissima
1583 575 1680 619 est.

259 651 443 716 VNon
482 653 735 714 vincitur,
775 654 871 703 sed
911 654 1095 715 vincit,
1133 654 1228 720 qui
1267 654 1415 705 cedit
1454 654 1579 704 suiS.
1980 674 2058 716 435

314 740 631 790 Necessitas
669 741 766 791 dat
803 739 999 807 legem,
1040 757 1149 791 non
1191 741 1309 808 ipsa
1347 741 1562 808 accipit.

315 825 518 876 Nescio
556 827 689 892 quid
730 827 920 893 agitat,
959 843 1084 877 cum
1125 828 1332 878 bonum
1373 829 1622 879 imitatur
1661 827 1854 879 maluS.

241 923 291 958 25
316 911 484 962 Nulla
522 911 811 963 hominum
851 913 1027 963 maior
1063 930 1244 980 poena
1283 921 1366 964 est
1404 931 1571 981 quam
1612 915 1920 966 necessitas,

315 998 443 1049 Non
484 1000 639 1051 novit
676 1000 848 1051 virtus
888 1000 1190 1051 calamitati
1230 1001 1439 1052 cedere.

315 1084 631 1136 Necessitas
669 1087 740 1137 ab
778 1085 1002 1137 homine
1041 1103 1183 1153 quae
1221 1085 1339 1137 vult
1378 1086 1652 1153 impetrat.
1984 1110 2064 1147 440

314 1172 645 1224 Necessitati
684 1173 974 1240 quodlibet
1011 1173 1184 1224 telum
1225 1173 1360 1224 utile
1400 1182 1495 1225 est.

314 1260 531 1311 Nocere
567 1278 726 1312 casus
766 1260 876 1312 non
918 1260 1060 1312 solet
1098 1260 1459 1312 constantiae.

242 1364 292 1400 30
315 1349 445 1399 Non
483 1356 615 1415 pote
653 1365 764 1399 non
804 1366 1010 1416 sapere,
1049 1349 1142 1415 qui
1181 1364 1239 1398 se
1278 1346 1511 1398 stultum
1551 1347 1839 1414 intellegit.

316 1436 631 1487 Necessitas
670 1443 926 1502 egentem
968 1434 1291 1486 mendacem
1332 1432 1476 1484 facit.

314 1523 444 1574 Non
484 1522 643 1574 facile
679 1522 829 1574 solus
867 1539 1064 1583 serve5‚
1105 1521 1253 1588 quod
1296 1520 1483 1571 multis
1522 1520 1718 1587 placet.
1985 1545 2063 1583 445

316 1595 819 1675 Necessitasquod
859 1608 1054 1676 poscit,
1091 1607 1195 1658 nisi
1235 1608 1347 1667 deS,
1386 1607 1559 1673 eripit.

316 1695 542 1746 Nocens
581 1703 847 1763 precatur,
886 1697 1148 1747 innocens
1187 1695 1452 1747 irascitur.

243 1794 293 1830 35
317 1781 435 1832 Nec
474 1782 587 1833 vita
624 1781 941 1833 hominibus
981 1799 1082 1833 nec
1119 1781 1340 1832 fortuna
1377 1798 1576 1848 perpes
1613 1788 1710 1832 est.

317 1869 446 1919 Non
485 1886 703 1936 semper
740 1887 927 1920 aurem
968 1869 1184 1920 facilem
1224 1868 1392 1920 habet
1431 1868 1677 1920 felicitas

316 1955 639 2023 Numquam
679 1974 787 2008 non
829 1957 994 2007 miser
1031 1963 1129 2016 est,
1166 1956 1259 2023 qui
1298 1956 1446 2023 quod
1486 1956 1682 2007 timeat
1721 1956 1943 2023 cogitat.
1988 1976 2069 2018 450

317 2043 439 2094 Nisi
478 2044 571 2110 qui
610 2045 712 2095 scit
751 2043 943 2104 facere,
985 2043 1212 2094 insidias
1251 2042 1428 2094 nescit
1465 2050 1722 2094 metuere.

256 2173 262 2178 ,
317 2129 503 2197 Negat
541 2131 644 2181 sibi
685 2130 815 2197 ipse,
853 2131 946 2197 qui
986 2130 1135 2198 quod
1177 2129 1397 2180 difficile
1434 2137 1518 2181 est
1556 2129 1709 2196 petit.

317 2295 352 2334 F
383 2295 464 2334 Wo.
489 2295 579 2333 Mr.
600 2295 671 2346 Sp.
693 2294 806 2333 iuves
826 2295 898 2334 Fr.
1116 2297 1193 2332 19.
1250 2292 1433 2332 invenies
1453 2292 1488 2332 F
1512 2293 1585 2333 Gr.
1611 2292 1683 2331 Or.
1705 2292 1780 2331 Bo.
1808 2291 1875 2330 Ri.
1895 2292 1985 2330 Mr.
2007 2291 2067 2330 in-

316 2349 457 2389 venias
486 2349 568 2387 Wo.
595 2350 663 2400 Sp.
689 2349 763 2387 Fr.
904 2351 990 2386 20.
1046 2347 1159 2399 prius
1179 2360 1303 2399 quam
1324 2347 1359 2384 F
1384 2347 1456 2386 Gr.
1481 2347 1554 2386 Or.
1577 2347 1651 2385 Bo.
1683 2346 1767 2384 Wo.
1788 2346 1857 2385 Ri.
1881 2346 1953 2397 Sp.
1975 2346 2066 2384 Mr.

317 2410 522 2442 maturum
550 2403 584 2441 F
616 2404 688 2442 Gr.
709 2408 775 2443 etc.
836 2401 882 2441 fit
902 2402 938 2440 F
958 2402 1010 2441 sit
1037 2404 1070 2453 ψ
1089 2401 1166 2441 siet
1191 2401 1360 2452 Ingolst.
1381 2401 1510 2439 editor
1562 2400 1637 2439 fuit
1671 2400 1744 2439 Gr.
1775 2399 1860 2438 Wo.
1882 2400 1954 2450 Sp.
1978 2400 2066 2438 Mr.

317 2457 429 2510 prius
449 2462 509 2496 est
528 2469 653 2508 quam
671 2456 866 2496 maturuit
886 2457 960 2495 Fr.
1107 2459 1191 2495 24.
1252 2454 1361 2506 cogit
1383 2455 1417 2493 F
1442 2455 1512 2494 Gr.
1543 2454 1615 2493 Or.
1636 2453 1764 2505 agitat
1783 2454 1859 2493 Bo.
1890 2453 1974 2492 Wo.
1995 2454 2066 2492 Ri.

318 2513 397 2571 Sp..
411 2511 499 2550 Mr.
520 2510 659 2550 nescio
678 2510 778 2562 quid
799 2510 951 2562 cogitat
972 2509 1084 2548 aliud
1103 2522 1197 2549 cum
1216 2509 1259 2547 b.
1281 2509 1308 2547 i.
1329 2520 1385 2547 m.
1407 2509 1480 2570 Fr.
1581 2511 1662 2569 253
1675 2561 1683 2569 ·
1719 2507 1833 2546 nulla
1851 2506 2067 2546 hominum

317 2577 623 2670 ῒέὲῧὶῑρῐῖῗζ.
640 2570 700 2657 {gf
713 2565 885 2669 ηἷοῖῗςῖὲ.
904 2565 985 2657 3³5.
1005 2562 1686 2669 {2322322153305123‘35¹3¹
1699 2561 2069 2667 ςῖἒῗῖῃᾎιὲῗὲἑέ

320 2674 355 2712 F
379 2674 451 2712 Gr.
485 2673 556 2712 Or.
591 2673 672 2711 Wo.
693 2673 763 2723 Sp.
788 2673 876 2711 Mr.
908 2684 1034 2723 quam
1061 2670 1281 2710 necessitas
1309 2670 1461 2721 Haupt
1479 2670 1549 2709 Rz'.
1578 2682 1700 2721 quam
1729 2668 1972 2709 mendicitas
1990 2670 2066 2708 Fr.

320 2732 403 2766 36.
460 2732 658 2779 perpetua
686 2732 746 2765 est
775 2726 1012 2764 hominibus
1040 2725 1103 2764 Fa
1122 2738 1163 2776 p.
1185 2737 1221 2764 e.
1243 2724 1318 2763 tibi
1337 2724 1422 2775 Hg.
1443 2723 1482 2763 h.
1515 2736 1663 2775 perpes
1691 2730 1751 2763 est
1785 2724 1858 2763 Gr.
1891 2723 1961 2763 Or.
1989 2723 2067 2762 Bo.

328 2781 413 2820 Wo.
452 2780 620 2833 propria
657 2786 718 2819 est
755 2780 797 2818 h.
836 2780 921 2818 Bu.
956 2780 1028 2830 Sp.
1067 2779 1138 2818 Ri.
1177 2791 1219 2817 n.
1257 2791 1296 2816 v.
1335 2778 1375 2817 h.
1418 2790 1460 2816 n.
1498 2776 1526 2817 f.
1569 2789 1716 2829 perpes
1754 2783 1815 2817 est
1852 2776 2068 2816 Froelzliclz

321 2839 405 2874 86.
462 2835 587 2874 habet
616 2833 790 2874 facilitas
819 2834 854 2872 F
883 2832 1075 2872 Felicitas
1109 2833 1180 2872 Gr.
1215 2832 1286 2871 Or.
1316 2832 1393 2871 Bo.
1423 2831 1492 2870 Ri.
1523 2832 1591 2883 Sp.
1625 2833 1712 2882 Hg.
1741 2830 1916 2871 facilitas
1943 2831 2068 2870 habet

1410 2924 1440 2935 s

647 3039 726 3075 21.
787 3035 851 3075 Cf.
877 3034 1102 3083 Ausonius,
1126 3035 1232 3086 Sept.
1253 3034 1351 3086 Sap.
1375 3034 1500 3082 Sent.‚
1523 3034 1626 3073 Bias
1646 3033 1684 3074 6.
1709 3043 1746 3084 7.
