2232 3522
566 286 836 328 PUBLILII
876 286 1015 327 SYRI
1054 287 1462 329 SENTENTIAE.

144 416 208 466 In
246 433 443 468 venere
482 433 698 483 semper
735 424 947 468 certant
985 417 1145 469 dolor
1181 425 1236 469 et
1272 418 1551 485 gaudium.

144 502 207 552 In
245 519 433 554 amore
470 502 646 554 forma
682 501 805 570 plus
842 502 989 555 valet
1026 521 1194 571 quam
1233 504 1544 556 auctoritas,

64 598 117 634 40
143 589 369 656 Ingrata
406 597 534 641 sunt
571 587 852 651 beneficia,
889 589 1088 657 quibus
1126 606 1312 641 comes
1351 596 1436 641 est
1474 597 1666 643 metus

142 676 472 743 Imprudens
509 682 716 743 peccat,
756 692 920 742 quem
961 677 1174 744 peccati
1212 676 1474 743 poenitet.

144 763 347 816 Inertia
387 763 673 824 indicatur,
709 778 836 813 cum
876 761 1083 830 fugitur
1121 762 1288 814 labor.

143 850 338 911 IratuS,
375 866 500 900 cum
539 849 609 900 ad
649 865 707 899 se
746 849 919 910 rediit,
957 849 1059 900 sibi
1099 857 1219 900 tum
1258 848 1518 900 irascitur.

141 936 207 987 In
246 952 432 987 amore
470 951 687 1002 semper
723 951 889 986 causa
927 935 1116 986 damni
1155 935 1447 1002 quaeritur.

15 1027 19 1030 ’
62 1035 115 1071 45
143 1025 389 1077 Iucunda
428 1023 642 1075 macula
680 1031 763 1075 est
801 1041 874 1074 ex
914 1023 1119 1074 inimici
1158 1023 1437 1089 sanguine.

140 1112 205 1163 In
244 1127 441 1163 venere
478 1126 695 1177 semper
731 1110 905 1162 dulcis
944 1117 1028 1161 est
1065 1109 1358 1160 dementia.

140 1198 206 1249 In
246 1198 445 1250 misero
483 1196 641 1248 facile
680 1196 740 1248 fit
779 1205 977 1264 potens
1016 1196 1223 1247 iniuria.

140 1285 426 1337 Interdum
465 1283 633 1335 habet
670 1282 937 1334 stultitiae
974 1290 1189 1350 partem
1229 1281 1475 1335 facilitas,

139 1371 346 1422 Inertia
383 1377 466 1421 est
504 1369 704 1421 laboris
743 1370 1043 1421 excusatio,

61 1463 114 1499 ⁵0
139 1457 401 1509 Iniuriam
441 1456 653 1508 facilius
692 1455 860 1507 facias
898 1473 1067 1524 quam
1106 1455 1262 1507 feras,

138 1544 320 1596 Iratus
358 1542 435 1594 nil
474 1559 584 1594 non
623 1542 862 1594 criminis
901 1542 1143 1609 loquitur
1180 1542 1315 1593 loco,

92 1640 118 1702 ζ.
140 1630 387 1681 Incertus
425 1631 642 1681 animus
680 1629 981 1680 remedium
1022 1638 1105 1681 est
1144 1629 1460 1697 sapientiae.

138 1718 205 1769 In
243 1717 388 1784 turpi
428 1734 484 1767 re
522 1733 748 1784 peccare
785 1715 868 1766 bis
906 1716 1224 1783 delinquere
1262 1723 1358 1767 est.

139 1804 416 1872 Ingenuus
455 1805 672 1856 animus
711 1819 820 1853 non
860 1801 962 1855 fert
1000 1805 1150 1855 vocis
1187 1803 1425 1855 verbera.

61 1900 113 1937 δῦ
140 1891 401 1942 Iniuriam
441 1891 558 1957 ipse
596 1888 779 1950 facias,
819 1888 911 1940 ubi
951 1907 1060 1941 non
1099 1890 1356 1941 vindices,

138 1975 201 2024 Is
237 1974 554 2023 minimum
593 1982 726 2037 eget
765 1973 1057 2032 mortaliS,
1097 1973 1198 2037 qui
1234 1972 1552 2022 minimum
1591 1971 1775 2035 cupit.

138 2060 353 2111 Inimici
391 2060 463 2111 ad
502 2061 747 2112 animum
787 2059 971 2112 nullae
1009 2058 1344 2110 conveniunt
1381 2073 1584 2124 preces

138 2146 370 2198 Inimico
408 2148 687 2199 exstincto
726 2164 836 2198 non
874 2146 1082 2197 habent
1119 2145 1377 2196 lacrimae
1414 2145 1642 2196 exitum.

138 2234 222 2286 Ibi
261 2252 477 2303 semper
514 2243 598 2287 est
635 2235 876 2295 victoria,
916 2234 1009 2285 ubi
1048 2232 1342 2283 concordia
1379 2238 1475 2283 est.

62 2331 114 2368 σο
141 2320 251 2372 Iter
287 2330 371 2374 est
408 2339 756 2391 quacumque
793 2322 891 2373 dat
929 2321 1077 2389 prior
1112 2319 1422 2386 vestigium.

136 2485 204 2536 Sp.
472 2489 557 2525 38.
616 2491 775 2525 certant
797 2494 894 2524 MSS.
918 2482 1080 2535 (except
1099 2484 1142 2522 Ψ
1161 2482 1296 2521 which
1315 2482 1390 2521 has
1409 2488 1538 2522 certat
1567 2483 1650 2523 Wo.
1674 2481 1786 2534 Mr.)

1827 294 1889 347 Ι9

1811 617 1890 657 300

1808 1047 1885 1086 305

1809 1480 1890 1519 310

1807 1914 1884 1954 315

1805 2342 1886 2382 320

1806 2483 1877 2522 Ri.

136 2539 208 2590 Sp.
228 2539 302 2578 Fr.
456 2543 537 2580 41.
598 2552 722 2591 quem
741 2538 838 2579 facti
860 2539 893 2577 F
915 2551 1008 2578 cum
1027 2537 1125 2577 facti
1148 2537 1191 2575 H
1214 2549 1338 2589 quem
1359 2542 1452 2588 post
1471 2536 1571 2576 facti
1595 2537 1668 2577 Gr.
1693 2537 1766 2576 Or.
1797 2537 1881 2577 Wo-

136 2592 292 2644 peccati
313 2593 379 2645 Sp.
406 2593 493 2633 Mr.
553 2606 649 2633 mox
669 2593 766 2633 facti
785 2594 931 2632 Halm.
1119 2594 1204 2631 42.
1264 2590 1467 2630 iudicatur
1486 2591 1531 2630 H
1558 2591 1631 2630 Gr.
1655 2591 1725 2630 Or.
1787 2603 1881 2631 cum

135 2646 337 2686 iudicatur
357 2647 391 2686 F
410 2647 613 2687 indicatur
631 2648 706 2687 Bo.
742 2648 826 2688 Wo.
849 2647 915 2686 Ri.
941 2647 1016 2698 Sp.
1036 2646 1125 2685 Mr.
1368 2647 1450 2683 ⁵2.
1507 2644 1736 2685 remedium
1755 2645 1883 2685 FHV

135 2700 223 2740 Mr.
244 2700 315 2751 Sp.
335 2701 409 2740 Fr.
430 2702 514 2753 Hg.
574 2701 791 2741 dimidium
811 2702 886 2740 Bo.
917 2701 999 2740 Wo.
1170 2703 1248 2739 66.
1309 2698 1526 2738 minimum
1548 2699 1582 2738 F
1603 2700 1692 2738 Mr.
1713 2700 1784 2751 Sp.

1805 2699 1879 2738 Fr.

136 2753 308 2793 minimo
328 2753 485 2795 Seneca
509 2755 580 2795 Gr.
611 2756 683 2795 Or.
704 2757 780 2796 Bo.
814 2755 898 2796 Wo.
923 2755 994 2794 Ri.
1199 2757 1282 2792 ⁵8.
1339 2753 1509 2793 exitium
1529 2762 1627 2793 Mss.
1650 2754 1813 2806 (except
1835 2753 1879 2792 H

538 2980 619 3016 ⁶2.
677 2977 739 3018 Cf.
765 2977 924 3023 Cicero,
944 2977 992 3017 de
1010 2983 1099 3016 nat.
1119 2977 1284 3017 deorum
1306 2987 1336 3016 1.
1363 2990 1396 3016 1.

539 3050 619 3086 68.
681 3046 848 3097 Quoted
868 3047 922 3098 by
942 3045 1115 3092 Seneca,
1134 3046 1273 3097 Epist.
1299 3046 1387 3085 108.
1414 3058 1476 3085 11.
