2232 3522
332 250 404 300 40
765 248 1035 289 PUBLILII
1076 249 1213 290 SYRI
1253 250 1661 292 SENTENTIAE.

333 378 704 430 Taciturnitas
742 378 912 431 stulto
950 379 1161 431 homini
1202 398 1302 447 pro
1340 382 1611 448 sapientia
1649 390 1747 435 est.

332 461 485 511 Tam
514 463 684 512 deest
716 477 898 512 avaro
925 464 1085 526 quod
1110 463 1307 528 habet,
1335 480 1515 528 quam
1542 467 1702 529 quod
1728 481 1848 516 non
1882 467 2084 518 habet.

262 552 306 602 Z
332 549 515 600 Tarde
553 551 648 601 sed
687 551 926 617 graviter
965 550 1182 617 sapiens
1222 567 1378 602 mens
1417 552 1675 604 irascitur.
2005 564 2085 616 685

0 646 205 665 5—-
229 616 332 698 ’μζ
330 635 462 686 Tuti
501 643 629 686 sunt
667 653 875 697 omneS‚
912 653 1054 687 unus
1092 637 1185 687 ubi
1223 636 1548 689 defenditur.

254 721 304 773 O
331 723 686 790 Temptando
725 731 923 774 cuncta
961 724 1107 774 caeci
1147 740 1368 790 quoque
1406 731 1528 775 tuto
1567 724 1869 776 ambulant.

330 809 473 860 Tam
513 811 582 860 de
620 826 678 860 se
717 810 887 861 iudex
927 810 1132 861 iudicat
1171 826 1337 876 quam
1377 810 1447 861 de
1485 827 1591 861 reo,

246 953 303 1002 Ψ
436 953 546 1004 Vbi
587 953 700 1006 fata
739 961 983 1020 peccant,
1022 953 1309 1005 hominum
1349 954 1578 1006 consilia
1616 955 1896 1007 excidunt.

326 1038 601 1107 Voluptas
641 1059 671 1092 e
709 1039 915 1092 difficili
955 1041 1089 1092 data
1127 1040 1444 1093 dulcissima
1484 1051 1579 1094 est.
2002 1053 2086 1108 690

326 1125 435 1176 Vbi
474 1128 654 1178 omnis
692 1129 840 1180 vitae
880 1133 1059 1177 metus
1098 1136 1196 1189 est,
1235 1145 1383 1180 mors
1421 1138 1504 1181 est
1542 1130 1766 1197 optima.

325 1210 483 1262 Vnus
523 1214 658 1264 deus
697 1230 934 1281 poenam
975 1212 1144 1276 affert,
1183 1213 1341 1265 multi
1381 1216 1644 1282 cogitant.

279 1297 434 1349 ⁶Vbi
474 1307 667 1365 peccat
706 1307 858 1351 aetas
898 1299 1084 1362 maior,
1125 1299 1269 1351 male
1307 1301 1470 1353 discit
1509 1303 1699 1354 minor.

327 1384 434 1436 Vbi
475 1385 550 1436 nil
590 1386 828 1446 timetur,
867 1385 1017 1451 quod
1055 1386 1316 1437 timeatur
1354 1388 1607 1439 nascitur.

433 1471 544 1522 Vbi
571 1472 644 1522 sis
672 1488 795 1522 cum
825 1472 933 1522 tuis
962 1479 1017 1523 et
1043 1472 1204 1533 absiS,
1232 1472 1468 1540 patriam
1497 1490 1608 1524 non
1635 1474 1925 1527 desideres,
2003 1485 2084 1540 695

326 1556 536 1607 Verum
575 1565 673 1620 est,
711 1557 859 1624 quod
900 1575 999 1624 pro
1037 1556 1214 1609 salute
1252 1557 1314 1610 fit
1352 1559 1715 1610 mendacium.

326 1643 677 1710 Vbicumque
721 1643 899 1710 pudor
938 1651 1035 1706 est,
1074 1661 1292 1711 semper
1329 1645 1403 1696 ibi
1443 1653 1633 1697 sancta
1671 1653 1754 1697 est
1791 1644 1941 1698 fides,

253 1747 304 1783 ιο
434 1729 639 1782 Vtilius
675 1730 876 1781 ferrum
917 1738 999 1781 est
1038 1731 1092 1781 in
1133 1731 1299 1794 sulc0‚
1325 1749 1492 1799 quam
1532 1732 1866 1784 orichalcum
1903 1741 1986 1785 est
2026 1735 2079 1784 in

540 1816 763 1884 proeliO.

329 1949 377 1984 4.
434 1945 551 1984 tarde
571 1944 603 1983 si
623 1943 788 1996 gravius
807 1943 870 1982 vir
888 1944 1075 1984 irascitur
1093 1951 1134 1984 et
1152 1945 1345 1998 perbicax
1363 1946 1572 1986 ulciscitur
1587 1947 1624 1986 T
1679 1947 1794 1987 tarde
1813 1948 1885 1987 sed
1903 1949 2084 2000 graviter

329 1998 494 2051 sapiens
523 1998 710 2038 irascitur
742 1997 780 2037 O
850 1998 965 2037 tarde
993 1998 1180 2038 irascitur
1208 2000 1271 2039 vir
1302 2001 1438 2052 gravis
1471 2006 1512 2040 et
1540 2000 1730 2053 pervicax
1769 2001 1976 2042 ulciscitur
2008 2004 2079 2042 Ri.

329 2054 446 2092 tarde
484 2053 619 2104 gravis
648 2052 708 2091 ira
746 2052 927 2091 nascitur
965 2059 1006 2092 et
1042 2053 1250 2093 ulciscitur
1277 2055 1352 2093 Fr.
1409 2055 1525 2094 tarde
1555 2055 1736 2094 nascitur
1767 2056 1903 2107 gravis
1940 2056 2000 2095 ira
2039 2063 2079 2096 et

330 2107 521 2159 pervicax
541 2106 749 2145 ulciscitur
768 2107 841 2146 Fr.
893 2107 1012 2146 tarde
1032 2107 1065 2146 si
1085 2108 1266 2147 exoritur
1284 2108 1382 2148 irast
1400 2109 1652 2160 pervicacior
1670 2110 1756 2149 Bu.
1804 2111 1920 2150 tarde
1945 2111 2084 2162 gravis

330 2162 391 2200 ira
417 2167 457 2200 et
484 2161 675 2213 pervicax
705 2160 913 2200 ulciscitur
940 2161 1026 2200 Bu.
1082 2162 1199 2202 tarde
1226 2162 1299 2202 sed
1327 2163 1506 2214 graviter
1527 2175 1627 2202 sana
1652 2176 1768 2203 mens
1794 2164 1979 2203 irascitur
2004 2165 2078 2204 fir.

332 2215 447 2254 tarde
463 2215 534 2254 sed
550 2215 728 2266 graviter
746 2214 910 2265 sapiens
927 2228 1043 2254 mens
1062 2215 1272 2255 irascitur?
1299 2216 1372 2256 but
1391 2217 1462 2256 the
1481 2223 1673 2256 sentence
1691 2230 1824 2257 seems
1842 2218 2077 2270 hopelessly

330 2276 496 2321 corrupt
529 2269 564 2307 if
589 2268 740 2308 indeed
771 2268 809 2307 T
840 2269 922 2308 and
957 2269 995 2309 O
1028 2269 1083 2309 do
1111 2277 1184 2310 not
1216 2270 1383 2310 contain
1410 2271 1481 2310 the
1506 2271 1682 2310 remains
1707 2270 1755 2310 of
1778 2278 1861 2311 two
1887 2272 2077 2312 different

171 2366 175 2370 ,
219 2364 221 2366 ,
253 2332 260 2374 j
329 2330 555 2363 sentences.
668 2324 700 2362 O
722 2322 796 2361 has
818 2339 855 2372 4.
878 2322 917 2363 6.
940 2335 977 2374 7.

255 2376 258 2380 ’
410 2378 453 2415 Ψ
473 2377 596 2426 [from
617 2377 674 2426 11]
697 2376 764 2427 (F)
786 2376 860 2416 has
886 2390 1000 2431 1--9-
1026 2390 1202 2430 11—-253
1244 2380 1275 2429 ψ
1293 2378 1368 2418 has
1388 2391 1426 2418 2.
1447 2389 1486 2430 9.
1514 2389 1574 2429 17.
1600 2378 1669 2425 163
1710 2393 1741 2417 π
1759 2378 1834 2418 has
1854 2392 1892 2418 2.
1916 2392 1952 2431 5.
1975 2381 2013 2420 8.
2035 2392 2072 2431 9.

338 2430 398 2471 16.
426 2444 498 2478 203
517 2438 617 2483 par.
639 2430 713 2470 has
735 2445 771 2471 2.
795 2444 832 2482 3.
857 2441 893 2480 5.
915 2431 954 2468 8.
975 2444 1014 2485 9.
1041 2445 1100 2472 10.
1227 2436 1276 2470 8.
1333 2432 1442 2472 vitae
1461 2433 1495 2471 F
1516 2447 1548 2471 π·
1567 2433 1638 2484 Sp.
1694 2433 1780 2472 vita
1804 2434 1876 2473 Gr.
1901 2435 1972 2474 Or.
1997 2435 2072 2474 Bo.

342 2486 424 2524 Wo.
442 2485 510 2524 Ri.
533 2486 624 2524 Mr.
645 2485 719 2523 Fr.
759 2485 916 2535 optima
935 2485 971 2523 F
996 2485 1068 2525 Gr.
1100 2486 1184 2525 Wo.
1204 2487 1293 2526 Mr.
1317 2487 1391 2525 Fr.
1431 2486 1635 2538 optimum
1654 2487 1730 2526 Bo.
1751 2488 1822 2539 Sp.
1897 2493 1946 2525 4.
1976 2488 2080 2528 deus

331 2539 365 2577 F
405 2539 493 2579 dies
518 2540 589 2578 Gr.
622 2539 706 2578 Wo.
727 2539 797 2590 Sp.
820 2540 907 2579 Mr.
932 2540 1007 2578 Fr.
1065 2553 1189 2591 quam
1213 2540 1333 2579 multi
1352 2541 1535 2592 cogitant
1556 2541 1590 2579 F
1646 2540 1766 2579 multi
1794 2542 1977 2593 cogitant
2003 2543 2076 2582 Gr.

334 2594 406 2633 Or.
440 2593 516 2633 Bo.
564 2593 650 2632 Wo.
689 2594 759 2644 Sp.
818 2606 872 2631 m.
903 2594 1112 2633 concitant
1146 2594 1312 2633 Schuetz
1368 2607 1409 2646 q.
1444 2607 1499 2632 m.
1534 2594 1660 2634 citant
1693 2596 1778 2634 Bu.
1813 2596 1886 2635 Ri.
1942 2609 1983 2648 q.
2020 2610 2074 2635 m.

329 2647 511 2699 irrogant
532 2647 621 2686 Mr.
678 2659 719 2698 q.
741 2659 796 2685 m.
825 2647 1072 2687 contrahunt
1099 2648 1183 2699 Hg.
1240 2661 1282 2700 q.
1310 2661 1366 2687 m.
1393 2648 1559 2700 exigant
1585 2648 1794 2688 Baehrens
1847 2662 1951 2690 unus
1976 2650 2079 2690 deus

328 2713 505 2752 poenam
532 2700 662 2746 affert,
684 2700 802 2740 multi
830 2701 1042 2753 cogitant?
1072 2700 1119 2753 (it
1145 2703 1179 2741 is
1205 2709 1279 2741 not
1304 2709 1444 2741 meant
1472 2708 1515 2741 to
1541 2703 1593 2742 be
1618 2716 1643 2741 a
1663 2702 1870 2743 Christian
1890 2705 2075 2752 maxim).

330 2761 375 2793 ’1.
434 2755 504 2794 ubi
531 2755 584 2794 sis
607 2767 699 2794 curn
731 2755 810 2794 tuis
838 2762 878 2794 et
906 2755 1016 2795 absis
1044 2755 1079 2794 F
1113 2756 1186 2795 Gr.
1221 2756 1293 2795 Or.
1334 2757 1416 2795 Wo.
1446 2756 1535 2796 Mr.
1595 2756 1666 2795 ubi
1690 2770 1785 2796 cum
1811 2757 1890 2797 tuis
1916 2758 1970 2797 sis
1999 2759 2068 2810 Sp.

326 2822 367 2848 u.
402 2822 434 2848 s.
462 2823 496 2849 c.
535 2816 565 2848 t.
591 2815 636 2848 ut
662 2808 772 2848 absis
799 2809 875 2848 Bo.
932 2822 972 2847 u.
1000 2822 1032 2848 s.
1063 2822 1099 2848 c.
1129 2816 1159 2849 t.
1189 2810 1265 2849 etsi
1293 2809 1403 2849 absis
1432 2810 1500 2849 Rz'.
1561 2823 1601 2850 u.
1631 2824 1663 2850 s.
1694 2824 1729 2850 c.
1760 2818 1791 2851 t.
1821 2818 1861 2851 et
1889 2811 1994 2852 bene
2022 2813 2078 2852 sis

407 2963 454 2998 3.
515 2957 684 3009 Quoted
709 2958 765 3010 by
793 2958 962 3006 Seneca,
991 2959 1241 2999 Controvers.
1271 2971 1307 3012 7.
1334 2962 1395 3006 18,
1424 2961 1655 3012 Quintilian
1682 2963 1720 3002 8.
1744 2975 1781 3014 5.
1804 2962 1842 3008 6,
1863 2963 1945 3002 and
1972 2977 2010 3018 9.
2034 2978 2058 3016 3

327 3028 392 3080 64,
417 3028 499 3067 and
521 3029 815 3080 Hieronymus,
843 3029 976 3080 Epist.
999 3040 1062 3080 53.
