2232 3522
567 286 641 328 PU
650 287 838 327 BLILII
879 286 1016 327 SYRI
1057 286 1467 327 SENTENTIAE.
1865 288 1894 341 3

143 415 239 468 Ad
278 417 674 484 poenitendum
715 425 973 484 properat
1011 417 1122 468 cito
1160 416 1254 483 qui
1294 416 1512 468 iudicat.

251 503 484 555 Aleator
518 511 726 571 quanto
763 504 817 555 in
854 510 971 555 arte
1006 510 1090 555 est
1116 502 1311 569 potior,
1339 510 1498 554 tanto
1536 510 1618 554 est
1656 503 1897 570 nequior.

142 588 323 641 Amor
359 591 570 642 otiosae
607 606 775 641 causa
814 589 1214 642 sollicitudinis.

63 674 118 724 H
144 675 390 727 Avidum
430 692 548 727 esse
587 683 805 743 oportet
844 677 1137 739 neminem,
1177 674 1404 726 minime
1442 691 1647 729 senem.
1846 699 1894 738 35

69 776 120 813 36
143 761 354 814 Animo
391 762 565 814 virum
606 762 855 829 pudicae,
894 779 1004 813 non
1045 761 1206 813 oculo
1245 761 1470 828 eligunt.

143 848 404 900 Amantis
443 849 821 900 iusiurandum
860 865 1098 916 poenam
1139 864 1249 899 non
1289 847 1476 900 habet.

143 933 360 986 Amans
398 935 539 986 sicut
576 934 672 986 fax
711 934 976 1002 agitando
1014 935 1253 986 ardescit
1293 934 1484 1000 magis

142 1019 323 1072 Amor
361 1029 420 1072 ut
458 1020 684 1072 lacrima
721 1020 893 1072 oculis
933 1021 1117 1082 oritur,
1157 1022 1210 1072 in
1251 1029 1445 1088 pectus
1483 1020 1645 1073 cadit.

21 1093 353 1182 [ſsoAnimo
392 1107 685 1175 imperabit
722 1108 956 1175 sapien5‚
998 1107 1199 1159 stultus
1238 1107 1451 1159 serviet.
1845 1132 1900 1170 ⁴0

141 1192 406 1245 Amicum
445 1211 516 1245 an
555 1211 757 1245 nornen
797 1194 1019 1258 habeas,
1057 1194 1234 1261 aperit
1273 1194 1574 1246 calamitas

142 1280 339 1332 Amori
378 1279 544 1331 finem
585 1287 819 1347 tempuS,
858 1297 967 1331 non
1007 1280 1224 1331 animus
1264 1280 1406 1332 facit.

13 1365 118 1441 ΜΖ
142 1366 426 1419 Audendo
463 1366 635 1418 virtus
673 1366 881 1428 crescit,
918 1366 1193 1418 tardando
1231 1366 1410 1419 timor.

142 1453 436 1505 Auxilium
475 1451 781 1520 profligatis
819 1453 1155 1504 contumelia
1192 1461 1289 1506 est.

67 1566 121 1603 ω
252 1539 486 1592 Affatirn
510 1539 730 1591 fortuna
756 1539 800 1589 si
827 1557 1005 1606 aequa
1025 1538 1253 1607 longum
1278 1556 1388 1590 non
1409 1538 1579 1591 habet
1596 1538 1893 1592 interitum.

143 1626 333 1678 Avaro
371 1626 568 1678 acerbo
606 1642 785 1693 poena
825 1634 1022 1677 natura
1061 1634 1145 1678 est
1183 1643 1296 1680 sua.
1841 1637 1894 1689 46

143 1711 332 1763 Avaro
369 1712 466 1763 vix
505 1719 589 1763 est
627 1712 756 1773 vita,
794 1711 891 1763 sed
932 1729 1076 1763 mors
1117 1712 1347 1779 longior.

141 1799 403 1851 Alienam
442 1799 535 1867 qui
573 1807 694 1850 orat
732 1815 954 1850 causam
994 1816 1053 1850 se
1091 1798 1279 1866 culpat
1317 1815 1484 1851 reum.

142 1931 228 1968 82.
284 1934 480 1981 provocat
514 1928 574 1967 Pb
602 1929 685 1967 cito
718 1934 911 1980 preparat
942 1928 976 1968 C
1005 1927 1186 1968 vindicat
1215 1927 1251 1969 C
1279 1934 1476 1980 provocat
1506 1927 1578 1980 qui
1607 1927 1787 1968 vindicat
1817 1929 1886 1981 Sp.

142 1987 227 2022 88.
284 1990 441 2035 quanto
466 1984 551 2023 loa.
583 1982 894 2022 Saresberiensis
918 1983 1068 2021 Policr.
1096 1985 1132 2023 8.
1158 1982 1198 2022 6.
1227 1983 1261 2022 C
1291 1983 1370 2022 Er.
1401 1989 1602 2035 quantum
1629 1982 1721 2034 L2E
1747 1982 1894 2022 melior

141 2037 195 2088 B²
224 2038 303 2077 Er.
337 2036 500 2076 doctior
525 2037 612 2076 loa.
643 2036 801 2076 Saresb.
835 2037 907 2076 Gr.
943 2036 1080 2075 dotior
1113 2036 1147 2076 C
1178 2036 1222 2086 []
1251 2037 1443 2076 PRFVE
1476 2049 1550 2076 aor
1578 2036 1607 2077 S
1638 2036 1777 2089 potior
1805 2037 1890 2076 Bu.

139 2091 211 2143 Sp.
227 2091 373 2131 melior
394 2092 476 2131 Wo.
527 2097 641 2131 tante
662 2090 723 2130 Pb
743 2096 859 2130 tanto
875 2090 974 2130 with
990 2090 1060 2130 the
1075 2103 1101 2130 o
1115 2091 1258 2131 erased
1279 2090 1327 2129 Β.
1375 2097 1436 2131 est
1456 2090 1649 2131 PRFEC
1669 2096 1730 2130 est
1749 2091 1891 2131 erased

141 2145 177 2184 B
196 2145 402 2198 nequitior
418 2145 467 2186 C
595 2149 679 2183 84.
738 2151 798 2184 est
819 2144 911 2196 (ΞΒ2
930 2144 1106 2184 omitted
1124 2145 1180 2197 by
1199 2145 1270 2184 the
1290 2145 1409 2184 other
1427 2145 1604 2185 codices.
1652 2146 1693 2184 11
1714 2145 1798 2194 (Η)
1818 2145 1892 2184 has

141 2198 180 2239 6.
206 2211 270 2250 35.
293 2198 358 2251 36.
384 2211 446 2240 12.
472 2212 533 2250 13.
560 2211 621 2251 ¹5·
648 2199 707 2239 16.
733 2210 782 2250 37
786 2212 907 2250 —41.
934 2201 994 2240 18.
1019 2213 1081 2239 22.
1105 2211 1169 2250 23.
1187 2198 1251 2240 26.
1274 2211 1338 2250 32.
1358 2200 1420 2239 28.
1441 2211 1478 2238 2.
1497 2212 1561 2250 42.
1623 2199 1667 2238 Ψ
1687 2199 1811 2250 [from
1831 2201 1890 2249 Π]

142 2253 196 2303 (F
200 2253 254 2306 V)
275 2253 351 2293 has
371 2266 544 2306 35—42.
604 2253 631 2293 S
652 2252 727 2292 has
750 2252 820 2305 (by
839 2266 864 2292 a
883 2253 987 2293 later
1006 2252 1132 2305 hand)
1156 2255 1218 2305 38.
1246 2264 1312 2305 37.
1334 2267 1400 2304 42.
1421 2267 1488 2305 40.
1621 2258 1704 2292 86.
1761 2254 1888 2294 nemi-

141 2320 237 2348 nem
262 2308 340 2347 nisi
360 2308 436 2347 FV
454 2321 507 2348 ne
532 2307 702 2347 minime
730 2307 773 2346 H
801 2307 1009 2347 neminem
1039 2307 1208 2347 minime
1241 2308 1313 2347 Gr.
1340 2307 1494 2347 nedum
1522 2308 1592 2360 Sp.
1625 2308 1783 2347 nummi
1812 2309 1884 2347 Fr.

141 2362 225 2414 Hg.
290 2361 405 2402 After
429 2375 469 2400 v.
497 2359 548 2413 36
574 2375 636 2401 we
665 2361 751 2401 find
780 2361 1023 2401 Amantium
1051 2362 1111 2400 ira
1139 2361 1290 2400 amoris
1318 2361 1536 2414 integratio
1565 2368 1626 2401 est
1655 2361 1761 2401 from
1790 2362 1888 2402 Ter.

141 2416 274 2455 Andr.
305 2429 344 2468 3.
375 2428 413 2466 3.
445 2427 519 2468 23;
554 2415 635 2456 this
664 2428 759 2467 may
786 2415 892 2455 have
920 2416 1025 2455 been
1053 2415 1346 2467 appropriated
1374 2415 1430 2468 by
1459 2415 1661 2456 Publilius
1690 2416 1765 2456 but
1793 2429 1838 2456 as
1866 2429 1891 2455 a

147 2468 346 2509 ‘familiar
363 2468 599 2522 quotation’
619 2476 771 2510 cannot
791 2469 909 2522 fairly
927 2470 979 2510 be
1004 2469 1195 2522 assigned
1221 2475 1264 2509 to
1289 2469 1390 2509 him.
1556 2475 1641 2510 88.
1698 2471 1757 2510 ita
1775 2476 1820 2510 ut
1843 2471 1886 2509 H

141 2523 244 2563 sieut
266 2524 397 2565 FvnS
417 2537 514 2576 mag
517 2524 634 2563 ..ard
657 2524 691 2563 F
695 2524 806 2565 Vns
994 2528 1075 2563 89.
1135 2524 1189 2563 ab
1209 2523 1338 2564 oculis
1358 2525 1393 2563 F
1394 2524 1485 2563 Vax
1504 2523 1635 2564 oculis
1655 2524 1699 2564 H
1721 2525 1791 2564 Gr.
1814 2525 1884 2564 Or.

142 2578 231 2617 Mr.
264 2578 318 2617 ab
346 2537 514 2618 oculoag
505 2579 587 2618 Wo.
648 2579 799 2618 amoris
829 2577 1000 2618 lacrima
1029 2578 1083 2617 ab
1114 2578 1243 2618 oculis
1274 2578 1316 2616 in
1344 2584 1488 2630 pectus
1513 2577 1625 2618 cadit
1650 2579 1721 2631 Sp.
1777 2584 1890 2618 ortus

141 2631 271 2672 oculis
290 2632 452 2671 Nauck.
508 2645 624 2672 amor
649 2638 692 2672 ut
718 2632 886 2672 lacrima
912 2631 1098 2671 oboritur
1123 2632 1266 2680 oculis,
1292 2632 1420 2672 oculis
1445 2632 1489 2671 in
1514 2639 1659 2685 pectus
1684 2631 1794 2672 cadit
1813 2633 1888 2672 Fr.

145 2686 174 2724 Z
197 2684 277 2737 (Μ)
298 2685 373 2726 has
398 2698 456 2727 ιο.
479 2699 545 2737 4²·
567 2699 631 2736 40.
655 2688 828 2738 43-48.
853 2686 915 2727 26.
942 2698 1006 2739 49.
1030 2688 1093 2726 28.
1118 2700 1181 2737 50.
1205 2697 1269 2736 51.
1451 2690 1536 2726 48.
1598 2686 1822 2726 Audiendo
1842 2687 1887 2726 M

142 2740 224 2779 aud
249 2739 357 2779 endo
376 2739 476 2779 with
495 2740 565 2780 the
585 2741 605 2780 i
620 2740 763 2780 erased
781 2742 826 2780 Φ.
1050 2745 1136 2779 47.
1193 2753 1338 2780 avarus
1356 2753 1440 2780 non
1460 2740 1546 2780 vita
1564 2741 1675 2781 vivet
1697 2741 1743 2780 M
1765 2753 1890 2780 avaro

145 2806 227 2833 non
246 2800 306 2833 est
325 2794 410 2833 vita
428 2795 512 2833 Bu.
533 2795 624 2833 Mr.
681 2807 804 2834 avaro
823 2793 908 2834 vita
926 2794 994 2834 vix
1013 2795 1105 2834 est?
1266 2798 1354 2833 48.
1413 2794 1605 2835 Alienam
1628 2795 1698 2848 qui
1716 2795 1888 2847 suscipit

144 2859 307 2887 causam
334 2854 462 2888 semet
492 2848 680 2888 criminat
705 2861 792 2888 esse
817 2861 953 2889 rerum
984 2849 1029 2887 M
1060 2848 1114 2887 al.
1141 2861 1182 2900 q.
1210 2861 1248 2888 o.
1279 2861 1315 2888 c.
1345 2860 1389 2888 se
1416 2848 1556 2900 culpat
1585 2862 1700 2888 reum
1725 2849 1889 2889 Mez‘ser.

226 2987 309 3022 88.
367 2984 433 3024 Cf.
466 2985 552 3024 Ioa.
583 2984 916 3034 Saresberiensis,
952 2986 1099 3024 Policr.
1134 2987 1170 3025 8.
1206 2984 1230 3024 6
1264 2984 1476 3024 “Aleator
1504 2984 1892 3036 quanto...doctior‚

144 3057 260 3091 tanto
279 3049 494 3104 nequior.'’

1614 3147 1747 3186 1—2
