2232 3522
825 294 1317 336 INTRODUCTION.
1884 279 1943 330 xi

196 427 429 474 Annaeus
462 426 665 485 Seneca,
707 426 1066 475 Controversiae
1092 440 1180 474 v11.
1211 441 1253 473 2.
1289 441 1347 485 14
1381 423 1448 488 (p.
1478 441 1590 487 321,
1618 425 1649 473 1.
1683 440 1741 486 19
1778 422 1945 472 Kiess-

361 504 514 569 ling):

298 588 391 635 ‘Et
417 586 695 636 Murredius
720 603 823 636 non
858 597 931 636 est
956 603 1130 651 passus
1162 587 1292 635 hanc
1325 584 1708 635 controversiam
1740 583 1944 633 transire

192 667 300 717 sine
322 667 485 730 aliqua
509 667 724 730 stuporis
748 668 821 716 sui
854 679 986 718 nota.
1061 666 1333 730 Descripsit
1368 666 1499 715 enim
1533 667 1771 714 ferentem
1797 673 1944 727 caput

193 757 242 798 et
282 765 485 797 manum
529 749 782 799 Ciceronis
826 750 1090 813 Popillium
1133 761 1182 799 et
1230 748 1556 798 Publilianam
1605 744 1943 814 [sententiam]

193 830 360 880 dedit:
411 829 603 893 Popilli,
643 840 830 893 quanto
871 831 1010 881 aliter
1051 847 1161 880 reus
1204 828 1458 880 Ciceronis
1497 830 1702 878 tenebas
1742 844 1944 877 manum

192 909 289 978 [est
300 909 392 978 ¹]?’

191 1007 393 1065 Seneca,
427 1007 780 1056 Controversiae
801 1023 886 1056 v11.
919 1026 961 1071 3,
991 1010 1021 1056 8
1049 1009 1115 1071 (p.
1145 1021 1256 1070 325,
1282 1009 1312 1056 1.
1347 1021 1401 1070 15
1432 1006 1736 1072 Kiessling):

296 1092 308 1113 ‘
326 1088 604 1138 Murredius
628 1105 718 1152 pro
742 1099 908 1140 cetero
942 1107 1032 1140 suo
1065 1100 1264 1153 stupore
1296 1088 1418 1139 dixit
1451 1089 1867 1138 medicamentum
1893 1104 1946 1139 se

192 1184 391 1231 parasse
414 1170 479 1219 ad
503 1187 750 1229 somnum,
778 1173 893 1234 quia
917 1171 1145 1220 assiduae
1171 1170 1527 1222 sollicitudines
1552 1170 1824 1235 vigiliarum
1851 1169 1945 1219 sibi

190 1251 604 1300 consuetudinem
642 1249 879 1318 [fecerint.
951 1254 998 1300 A
1038 1263 1176 1315 parte
1216 1251 1389 1318 patr]is
1431 1253 1648 1301 colorem
1691 1261 1740 1301 et
1783 1250 1946 1300 Publi·

192 1330 373 1380 lianam
416 1331 710 1381 sententiam
758 1332 926 1382 dedit:
974 1333 1327 1392 abdicationes,
1373 1332 1545 1395 inquit,
1589 1349 1702 1381 suas
1748 1347 1943 1380 veneno
2027 1356 2030 1358 ·

193 1411 363 1473 diluit3
415 1424 466 1462 et
511 1413 716 1463 iterum:
770 1425 992 1474 mortem,
1042 1414 1214 1478 inquit,
1262 1431 1424 1464 meam
1472 1413 1657 1463 effudit.
1730 1412 1943 1462 Memini

193 1493 383 1542 Oscum
425 1491 582 1560 [cum]
625 1496 907 1557 loqueretur
953 1495 1015 1544 de
1063 1496 1157 1544 hoc
1203 1511 1382 1558 genere
1429 1493 1797 1551 sententiarum,
1841 1509 1943 1556 quo

190 1575 372 1623 infecta
395 1575 494 1624 iam
527 1586 665 1625 erant
696 1578 1179 1626 adulescentulorum
1213 1578 1434 1627 omnium
1467 1576 1680 1640 ingenia,
1707 1576 1846 1640 queri
1878 1578 1942 1626 de

193 1655 420 1717 Publilio,
447 1656 588 1719 quasi
620 1656 702 1706 ille
734 1656 833 1705 iam
866 1657 995 1706 hanc
1028 1657 1273 1706 insaniam
1305 1657 1669 1707 introduxisset.
1742 1655 1944 1708 Cassius

191 1737 412 1796 SeveruS,
446 1753 667 1786 summus
702 1738 880 1787 Publili
913 1748 1115 1800 amator,
1149 1738 1312 1788 aiebat
1344 1755 1447 1788 non
1480 1737 1609 1787 illius
1641 1739 1739 1787 hoc
1770 1737 1942 1787 vitium

190 1833 312 1878 esse,
354 1819 444 1867 sed
485 1834 655 1868 eorum
696 1818 781 1881 qui
827 1818 966 1867 illum
1014 1836 1075 1869 ex
1121 1830 1259 1883 parte
1307 1836 1405 1883 qua
1450 1818 1654 1868 transire
1702 1819 1942 1868 deberent

189 1897 507 1958 imitarentur,
546 1897 669 1965 [non
703 1898 1029 1966 imitarentur]
1065 1916 1193 1963 quae
1234 1901 1369 1964 apud
1409 1916 1525 1949 eum
1567 1898 1741 1949 melius
1776 1908 1943 1949 essent

188 1979 321 2029 dicta
361 1996 510 2043 quam
551 1981 685 2043 apud
723 1997 1026 2044 quemquam
1062 1980 1310 2030 comicum
1346 1980 1682 2044 tragicumque
1716 1990 1800 2029 aut
1839 1983 1940 2029 Ro-

188 2078 391 2111 manum
437 2072 522 2112 aut
569 2064 816 2112 Graecum
834 2082 846 2124 3
904 2072 958 2111 ut
1005 2064 1143 2111 illum
1185 2078 1381 2112 versum
1429 2078 1530 2126 quo
1576 2062 1740 2112 aiebat
1786 2077 1940 2110 unum

187 2159 381 2193 versum
415 2143 622 2193 inveniri
656 2161 758 2193 non
795 2161 942 2207 posse
979 2144 1263 2194 meliorem:

322 2227 450 2273 Tam
485 2225 594 2274 dest
628 2241 776 2275 avaro
811 2226 947 2289 quod
983 2227 1134 2274 habet
1169 2241 1318 2288 quam
1354 2226 1492 2288 quod
1528 2241 1631 2275 non
1666 2225 1845 2282 habet3

186 2314 237 2355 et
260 2305 396 2355 illum
421 2308 485 2356 de
509 2309 685 2356 eadem
710 2323 762 2356 re
785 2307 971 2356 dictum
997 2326 1007 2355 :

326 2390 518 2438 Desunt
553 2388 770 2438 luxuriae
805 2390 975 2447 multa,
1013 2388 1244 2438 avaritiae
1279 2387 1447 2438 omnia
1465 2406 1479 2448 ς

186 2479 236 2519 et
259 2469 371 2520 illos
394 2487 560 2520 versus
586 2470 670 2534 qui
694 2471 808 2520 huic
833 2487 1034 2534 quoque
1061 2481 1134 2520 ter
1157 2471 1390 2521 abdicato
1414 2481 1617 2536 possent
1642 2470 1909 2520 convenire
1930 2491 1940 2520 :

322 2552 369 2601 O
405 2553 504 2601 vita
539 2551 718 2601 misero
754 2553 916 2615 longa,
956 2551 1085 2601 felici
1122 2552 1311 2601 brevis!

186 2642 236 2682 et
258 2631 496 2696 plurimos
521 2633 755 2697 deinceps
779 2651 946 2682 versus
972 2635 1209 2683 referebat
1236 2633 1415 2683 Publili
1441 2633 1801 2683 disertissimos.

289 2714 486 2763 Deinde
521 2725 772 2764 auctorem
806 2715 948 2763 huius
978 2715 1064 2763 viti
1100 2714 1236 2778 quod
1272 2730 1331 2763 ex
1362 2714 1591 2778 captione
1624 2717 1769 2764 unius
1800 2715 1937 2764 verbi

185 2794 399 2858 plurima
433 2796 750 2860 significantis
782 2798 998 2845 nascitur
1029 2796 1193 2846 aiebat
1230 2797 1562 2861 Pomponium
1601 2800 1935 2848 Atellanarum

184 2878 474 2940 scriptorum
509 2879 671 2938 fuisse,
709 2896 740 2927 a
773 2894 876 2941 quo
911 2877 1126 2941 primum
1161 2879 1224 2927 ad
1262 2878 1527 2928 Laberium
1570 2879 1803 2929 transisse
1838 2880 1935 2930 hoc

185 2958 404 3008 studium
446 2958 684 3018 imitandi,
728 2959 911 3009 deinde
958 2959 1075 3009 inde
1120 2960 1184 3008 ad
1227 2960 1524 3010 Ciceronem
1571 2961 1656 3024 qui
1702 2961 1823 3010 illud
1870 2961 1935 3010 ad

867 3057 882 3083 ¹
916 3058 1026 3099 ‘eius
1040 3057 1050 3076 ’
1071 3058 1256 3099 Bursian.
