<?xml version="1.0" encoding="UTF-8"?>
<!DOCTYPE html PUBLIC "-//W3C//DTD XHTML 1.0 Transitional//EN"
    "http://www.w3.org/TR/xhtml1/DTD/xhtml1-transitional.dtd">
<html xmlns="http://www.w3.org/1999/xhtml" xml:lang="en" lang="en">
 <head>
  <title>
</title>
<meta http-equiv="Content-Type" content="text/html;charset=utf-8" />
  <meta name='ocr-system' content='tesseract 3.04.00' />
  <meta name='ocr-capabilities' content='ocr_page ocr_carea ocr_par ocr_line ocrx_word'/>
</head>
<body>
  <div class='ocr_page' id='page_1' title='image "./sententiae00publuoft_0036.png"; bbox 0 0 2232 3522; ppageno 0'>
   <div class='ocr_carea' id='block_1_1' title="bbox 300 248 1418 300">
    <p class='ocr_par' dir='ltr' id='par_1_1' title="bbox 300 248 1418 300">
     <span class='ocr_line' id='line_1_1' title="bbox 300 248 1418 300; baseline 0 -1"><span class='ocrx_word' id='word_1_1' title='bbox 300 248 466 299; x_wconf 85' lang='lat' dir='ltr'><strong>xxxii</strong></span> <span class='ocrx_word' id='word_1_2' title='bbox 922 259 1418 300; x_wconf 86' lang='lat' dir='ltr'><strong>INTRODUCTION.</strong></span> 
     </span>
    </p>
   </div>
   <div class='ocr_carea' id='block_1_2' title="bbox 301 404 377 452">
    <p class='ocr_par' dir='ltr' id='par_1_2' title="bbox 301 404 377 452">
     <span class='ocr_line' id='line_1_2' title="bbox 301 404 377 452; baseline 0 0"><span class='ocrx_word' id='word_1_3' title='bbox 301 404 377 452; x_wconf 87' lang='lat'><strong>35·</strong></span> 
     </span>
    </p>
   </div>
   <div class='ocr_carea' id='block_1_3' title="bbox 297 664 375 725">
    <p class='ocr_par' dir='ltr' id='par_1_3' title="bbox 297 664 375 725">
     <span class='ocr_line' id='line_1_3' title="bbox 297 664 375 725; baseline -0.013 -15"><span class='ocrx_word' id='word_1_4' title='bbox 297 664 375 725; x_wconf 85' lang='lat'><strong>36.</strong></span> 
     </span>
    </p>
   </div>
   <div class='ocr_carea' id='block_1_4' title="bbox 287 2015 365 2062">
    <p class='ocr_par' dir='ltr' id='par_1_4' title="bbox 287 2015 365 2062">
     <span class='ocr_line' id='line_1_4' title="bbox 287 2015 365 2062; baseline 0 0"><span class='ocrx_word' id='word_1_5' title='bbox 287 2015 365 2062; x_wconf 84' lang='lat'><strong>37·</strong></span> 
     </span>
    </p>
   </div>
   <div class='ocr_carea' id='block_1_5' title="bbox 287 2654 363 2700">
    <p class='ocr_par' dir='ltr' id='par_1_5' title="bbox 287 2654 363 2700">
     <span class='ocr_line' id='line_1_5' title="bbox 287 2654 363 2700; baseline 0 0"><span class='ocrx_word' id='word_1_6' title='bbox 287 2654 363 2700; x_wconf 87' lang='grc'><strong>39·</strong></span> 
     </span>
    </p>
   </div>
   <div class='ocr_carea' id='block_1_6' title="bbox 283 2845 362 2888">
    <p class='ocr_par' dir='ltr' id='par_1_6' title="bbox 283 2845 362 2888">
     <span class='ocr_line' id='line_1_6' title="bbox 283 2845 362 2888; baseline -0.013 -12"><span class='ocrx_word' id='word_1_7' title='bbox 283 2845 362 2888; x_wconf 91' lang='lat'><strong>40.</strong></span> 
     </span>
    </p>
   </div>
   <div class='ocr_carea' id='block_1_7' title="bbox 283 3038 362 3078">
    <p class='ocr_par' dir='ltr' id='par_1_7' title="bbox 283 3038 362 3078">
     <span class='ocr_line' id='line_1_7' title="bbox 283 3038 362 3078; baseline 0 -10"><span class='ocrx_word' id='word_1_8' title='bbox 283 3038 362 3078; x_wconf 89' lang='lat'><strong>41.</strong></span> 
     </span>
    </p>
   </div>
   <div class='ocr_carea' id='block_1_8' title="bbox 451 386 2048 601">
    <p class='ocr_par' dir='ltr' id='par_1_8' title="bbox 451 386 2048 601">
     <span class='ocr_line' id='line_1_8' title="bbox 451 386 2046 455; baseline -0.001 -17"><span class='ocrx_word' id='word_1_9' title='bbox 451 387 592 438; x_wconf 88' lang='lat' dir='ltr'>Rich.</span> <span class='ocrx_word' id='word_1_10' title='bbox 631 390 893 438; x_wconf 91' lang='lat' dir='ltr'><strong>Taverner.</strong></span> <span class='ocrx_word' id='word_1_11' title='bbox 976 392 1039 438; x_wconf 93' lang='lat'><strong>8⁰.</strong></span> <span class='ocrx_word' id='word_1_12' title='bbox 1115 386 1280 455; x_wconf 89' lang='lat' dir='ltr'><strong>[Rich.</strong></span> <span class='ocrx_word' id='word_1_13' title='bbox 1343 386 1577 455; x_wconf 87' lang='lat' dir='ltr'><strong>Bankes.]</strong></span> <span class='ocrx_word' id='word_1_14' title='bbox 1650 390 1811 439; x_wconf 91' lang='lat' dir='ltr'><strong>Lond.</strong></span> <span class='ocrx_word' id='word_1_15' title='bbox 1903 403 2046 453; x_wconf 84' lang='lat'><strong>1539.</strong></span> 
     </span>
     <span class='ocr_line' id='line_1_9' title="bbox 466 469 2048 535; baseline -0.001 -16"><span class='ocrx_word' id='word_1_16' title='bbox 466 477 478 497; x_wconf 92' lang='lat'>‘</span> <span class='ocrx_word' id='word_1_17' title='bbox 497 470 643 519; x_wconf 93' lang='lat' dir='ltr'><strong>Mimi</strong></span> <span class='ocrx_word' id='word_1_18' title='bbox 678 469 929 519; x_wconf 85' lang='lat' dir='ltr'><strong>Publiani&#39;</strong></span> <span class='ocrx_word' id='word_1_19' title='bbox 966 470 1017 518; x_wconf 93' lang='lat' dir='ltr'><strong>in</strong></span> <span class='ocrx_word' id='word_1_20' title='bbox 1054 470 1307 520; x_wconf 89' lang='lat' dir='ltr'><strong>Chiliades</strong></span> <span class='ocrx_word' id='word_1_21' title='bbox 1345 471 1551 530; x_wconf 88' lang='lat' dir='ltr'><strong>Erasmi,</strong></span> <span class='ocrx_word' id='word_1_22' title='bbox 1588 470 1705 519; x_wconf 88' lang='lat' dir='ltr'><strong>with</strong></span> <span class='ocrx_word' id='word_1_23' title='bbox 1740 487 1804 520; x_wconf 91' lang='lat' dir='ltr'><strong>an</strong></span> <span class='ocrx_word' id='word_1_24' title='bbox 1841 470 2048 535; x_wconf 89' lang='lat' dir='ltr'><strong>English</strong></span> 
     </span>
     <span class='ocr_line' id='line_1_10' title="bbox 465 551 772 601; baseline -0.007 0"><span class='ocrx_word' id='word_1_25' title='bbox 465 551 772 601; x_wconf 86' lang='lat' dir='ltr'>translation.</span> 
     </span>
    </p>
   </div>
   <div class='ocr_carea' id='block_1_9' title="bbox 449 659 2046 1863">
    <p class='ocr_par' dir='ltr' id='par_1_9' title="bbox 449 659 2046 1863">
     <span class='ocr_line' id='line_1_11' title="bbox 449 659 2046 727; baseline 0 -17"><span class='ocrx_word' id='word_1_26' title='bbox 449 664 518 710; x_wconf 95' lang='lat' dir='ltr'><strong>H.</strong></span> <span class='ocrx_word' id='word_1_27' title='bbox 547 662 855 710; x_wconf 90' lang='lat' dir='ltr'><strong>Panthaleon</strong></span> <span class='ocrx_word' id='word_1_28' title='bbox 881 659 981 727; x_wconf 90' lang='lat' dir='ltr'><strong>[Er.</strong></span> <span class='ocrx_word' id='word_1_29' title='bbox 1009 659 1334 727; x_wconf 90' lang='lat' dir='ltr'><strong>Xylotectus].</strong></span> <span class='ocrx_word' id='word_1_30' title='bbox 1397 660 1541 710; x_wconf 89' lang='lat' dir='ltr'><strong>Basil.</strong></span> <span class='ocrx_word' id='word_1_31' title='bbox 1598 675 1736 724; x_wconf 89' lang='lat'>1544.</span> <span class='ocrx_word' id='word_1_32' title='bbox 1808 660 2046 712; x_wconf 90' lang='lat' dir='ltr'><strong>‘Catonis</strong></span> 
     </span>
     <span class='ocr_line' id='line_1_12' title="bbox 463 743 2044 794; baseline -0.001 -1"><span class='ocrx_word' id='word_1_33' title='bbox 463 744 674 794; x_wconf 89' lang='lat' dir='ltr'><strong>disticha</strong></span> <span class='ocrx_word' id='word_1_34' title='bbox 698 743 901 792; x_wconf 89' lang='lat' dir='ltr'><strong>moralia</strong></span> <span class='ocrx_word' id='word_1_35' title='bbox 919 760 1031 792; x_wconf 90' lang='lat' dir='ltr'><strong>cum</strong></span> <span class='ocrx_word' id='word_1_36' title='bbox 1053 743 1251 792; x_wconf 89' lang='lat' dir='ltr'><strong>scholiis</strong></span> <span class='ocrx_word' id='word_1_37' title='bbox 1273 743 1467 792; x_wconf 89' lang='lat' dir='ltr'><strong>Erasmi</strong></span> <span class='ocrx_word' id='word_1_38' title='bbox 1485 746 1600 792; x_wconf 94' lang='lat' dir='ltr'><strong>Rot.</strong></span> <span class='ocrx_word' id='word_1_39' title='bbox 1649 743 1794 792; x_wconf 91' lang='lat' dir='ltr'><strong>Mimi</strong></span> <span class='ocrx_word' id='word_1_40' title='bbox 1814 743 2044 792; x_wconf 91' lang='lat' dir='ltr'><strong>Publiani</strong></span> 
     </span>
     <span class='ocr_line' id='line_1_13' title="bbox 461 825 2044 890; baseline 0 -15"><span class='ocrx_word' id='word_1_41' title='bbox 461 843 575 875; x_wconf 91' lang='lat' dir='ltr'><strong>cum</strong></span> <span class='ocrx_word' id='word_1_42' title='bbox 599 827 822 875; x_wconf 90' lang='lat' dir='ltr'><strong>eiusdem</strong></span> <span class='ocrx_word' id='word_1_43' title='bbox 847 825 1043 874; x_wconf 88' lang='lat' dir='ltr'><strong>scholiis</strong></span> <span class='ocrx_word' id='word_1_44' title='bbox 1067 825 1223 874; x_wconf 91' lang='lat' dir='ltr'><strong>auctis</strong></span> <span class='ocrx_word' id='word_1_45' title='bbox 1247 826 1500 890; x_wconf 87' lang='lat' dir='ltr'><strong>recogniti,</strong></span> <span class='ocrx_word' id='word_1_46' title='bbox 1530 826 1708 890; x_wconf 89' lang='lat' dir='ltr'><strong>quibus</strong></span> <span class='ocrx_word' id='word_1_47' title='bbox 1732 836 2044 876; x_wconf 89' lang='lat' dir='ltr'><strong>accesserunt</strong></span> 
     </span>
     <span class='ocr_line' id='line_1_14' title="bbox 461 906 2044 971; baseline 0.001 -16"><span class='ocrx_word' id='word_1_48' title='bbox 461 907 663 971; x_wconf 91' lang='lat' dir='ltr'><strong>plurimi</strong></span> <span class='ocrx_word' id='word_1_49' title='bbox 711 924 868 970; x_wconf 87' lang='lat' dir='ltr'>nuper</span> <span class='ocrx_word' id='word_1_50' title='bbox 912 906 1100 956; x_wconf 89' lang='lat' dir='ltr'><strong>inventi</strong></span> <span class='ocrx_word' id='word_1_51' title='bbox 1148 917 1197 956; x_wconf 93' lang='lat' dir='ltr'><strong>et</strong></span> <span class='ocrx_word' id='word_1_52' title='bbox 1243 923 1514 969; x_wconf 86' lang='lat' dir='ltr'><strong>numquam</strong></span> <span class='ocrx_word' id='word_1_53' title='bbox 1561 907 1691 970; x_wconf 92' lang='lat' dir='ltr'><strong>typis</strong></span> <span class='ocrx_word' id='word_1_54' title='bbox 1738 906 1964 971; x_wconf 89' lang='lat' dir='ltr'><strong>evulgati,</strong></span> <span class='ocrx_word' id='word_1_55' title='bbox 2013 924 2044 956; x_wconf 91' lang='lat' dir='ltr'><strong>a</strong></span> 
     </span>
     <span class='ocr_line' id='line_1_15' title="bbox 463 987 2044 1051; baseline -0.001 -14"><span class='ocrx_word' id='word_1_56' title='bbox 463 988 705 1038; x_wconf 91' lang='lat' dir='ltr'><strong>Heinrico</strong></span> <span class='ocrx_word' id='word_1_57' title='bbox 730 988 1071 1036; x_wconf 92' lang='lat' dir='ltr'><strong>Panthaleone</strong></span> <span class='ocrx_word' id='word_1_58' title='bbox 1095 987 1335 1051; x_wconf 87' lang='lat' dir='ltr'><strong>recogniti</strong></span> <span class='ocrx_word' id='word_1_59' title='bbox 1360 1005 1571 1051; x_wconf 91' lang='lat' dir='ltr'><strong>cumque</strong></span> <span class='ocrx_word' id='word_1_60' title='bbox 1597 988 1820 1036; x_wconf 86' lang='lat' dir='ltr'><strong>eiusdem</strong></span> <span class='ocrx_word' id='word_1_61' title='bbox 1844 987 2044 1037; x_wconf 92' lang='lat' dir='ltr'><strong>scholiis</strong></span> 
     </span>
     <span class='ocr_line' id='line_1_16' title="bbox 458 1067 2042 1133; baseline 0.002 -17"><span class='ocrx_word' id='word_1_62' title='bbox 458 1068 765 1118; x_wconf 87' lang='lat' dir='ltr'><strong>illustrati...&#39;</strong></span> <span class='ocrx_word' id='word_1_63' title='bbox 802 1069 860 1117; x_wconf 89' lang='lat' dir='ltr'><strong>of</strong></span> <span class='ocrx_word' id='word_1_64' title='bbox 887 1067 1047 1116; x_wconf 90' lang='lat' dir='ltr'><strong>which</strong></span> <span class='ocrx_word' id='word_1_65' title='bbox 1089 1067 1464 1131; x_wconf 90' lang='lat' dir='ltr'><strong>magniloquent</strong></span> <span class='ocrx_word' id='word_1_66' title='bbox 1504 1068 1610 1118; x_wconf 93' lang='lat' dir='ltr'><strong>title</strong></span> <span class='ocrx_word' id='word_1_67' title='bbox 1646 1068 1892 1118; x_wconf 89' lang='lat' dir='ltr'><strong>Woelfflin</strong></span> <span class='ocrx_word' id='word_1_68' title='bbox 1933 1086 2042 1133; x_wconf 87' lang='lat' dir='ltr'><strong>says</strong></span> 
     </span>
     <span class='ocr_line' id='line_1_17' title="bbox 463 1148 2041 1213; baseline 0.001 -15"><span class='ocrx_word' id='word_1_69' title='bbox 463 1152 712 1212; x_wconf 91' lang='lat' dir='ltr'><strong>‘Jactator</strong></span> <span class='ocrx_word' id='word_1_70' title='bbox 766 1148 861 1208; x_wconf 92' lang='lat' dir='ltr'><strong>ille,</strong></span> <span class='ocrx_word' id='word_1_71' title='bbox 924 1148 1007 1211; x_wconf 91' lang='lat' dir='ltr'><strong>qui</strong></span> <span class='ocrx_word' id='word_1_72' title='bbox 1074 1150 1293 1198; x_wconf 83' lang='lat' dir='ltr'><strong>Senecae</strong></span> <span class='ocrx_word' id='word_1_73' title='bbox 1358 1149 1730 1213; x_wconf 89' lang='lat' dir='ltr'><strong>proverbiorum</strong></span> <span class='ocrx_word' id='word_1_74' title='bbox 1797 1149 2041 1200; x_wconf 88' lang='lat' dir='ltr'><strong>editiones</strong></span> 
     </span>
     <span class='ocr_line' id='line_1_18' title="bbox 459 1230 2043 1295; baseline -0.001 -14"><span class='ocrx_word' id='word_1_75' title='bbox 459 1234 641 1282; x_wconf 91' lang='lat' dir='ltr'><strong>totiens</strong></span> <span class='ocrx_word' id='word_1_76' title='bbox 665 1230 899 1295; x_wconf 90' lang='lat' dir='ltr'><strong>repetitas</strong></span> <span class='ocrx_word' id='word_1_77' title='bbox 926 1247 989 1280; x_wconf 91' lang='lat' dir='ltr'><strong>ne</strong></span> <span class='ocrx_word' id='word_1_78' title='bbox 1013 1241 1217 1280; x_wconf 90' lang='lat' dir='ltr'><strong>noverat</strong></span> <span class='ocrx_word' id='word_1_79' title='bbox 1242 1230 1460 1294; x_wconf 91' lang='lat' dir='ltr'><strong>quidem,</strong></span> <span class='ocrx_word' id='word_1_80' title='bbox 1487 1231 1609 1279; x_wconf 92' lang='lat' dir='ltr'><strong>nihil</strong></span> <span class='ocrx_word' id='word_1_81' title='bbox 1634 1231 1768 1280; x_wconf 91' lang='lat' dir='ltr'><strong>aliud</strong></span> <span class='ocrx_word' id='word_1_82' title='bbox 1791 1230 1921 1292; x_wconf 87' lang='lat' dir='ltr'><strong>facit,</strong></span> <span class='ocrx_word' id='word_1_83' title='bbox 1947 1230 2043 1280; x_wconf 89' lang='lat' dir='ltr'><strong>nisi</strong></span> 
     </span>
     <span class='ocr_line' id='line_1_19' title="bbox 458 1313 2042 1379; baseline 0.001 -17"><span class='ocrx_word' id='word_1_84' title='bbox 458 1313 780 1376; x_wconf 89' lang='lat' dir='ltr'><strong>posteriorem</strong></span> <span class='ocrx_word' id='word_1_85' title='bbox 821 1313 1178 1361; x_wconf 90' lang='lat' dir='ltr'><strong>sententiarum</strong></span> <span class='ocrx_word' id='word_1_86' title='bbox 1221 1321 1411 1375; x_wconf 90' lang='lat' dir='ltr'><strong>partem</strong></span> <span class='ocrx_word' id='word_1_87' title='bbox 1455 1313 1662 1379; x_wconf 84' lang='lat' dir='ltr'><strong>(N—V)</strong></span> <span class='ocrx_word' id='word_1_88' title='bbox 1703 1323 1905 1362; x_wconf 89' lang='lat' dir='ltr'><strong>centum</strong></span> <span class='ocrx_word' id='word_1_89' title='bbox 1941 1314 2042 1363; x_wconf 87' lang='lat' dir='ltr'><strong>fere</strong></span> 
     </span>
     <span class='ocr_line' id='line_1_20' title="bbox 458 1393 2041 1459; baseline 0.001 -16"><span class='ocrx_word' id='word_1_90' title='bbox 458 1394 629 1458; x_wconf 90' lang='lat' dir='ltr'><strong>viginti</strong></span> <span class='ocrx_word' id='word_1_91' title='bbox 682 1410 742 1443; x_wconf 87' lang='lat' dir='ltr'><strong>ex</strong></span> <span class='ocrx_word' id='word_1_92' title='bbox 793 1393 1163 1458; x_wconf 90' lang='lat' dir='ltr'><strong>proverbiorum</strong></span> <span class='ocrx_word' id='word_1_93' title='bbox 1217 1395 1393 1444; x_wconf 88' lang='lat' dir='ltr'><strong>codice</strong></span> <span class='ocrx_word' id='word_1_94' title='bbox 1447 1394 1609 1444; x_wconf 91' lang='lat' dir='ltr'><strong>ductis</strong></span> <span class='ocrx_word' id='word_1_95' title='bbox 1668 1404 1717 1444; x_wconf 91' lang='lat' dir='ltr'><strong>et</strong></span> <span class='ocrx_word' id='word_1_96' title='bbox 1773 1411 1919 1459; x_wconf 87' lang='lat' dir='ltr'><strong>aegre</strong></span> <span class='ocrx_word' id='word_1_97' title='bbox 1975 1395 2041 1444; x_wconf 91' lang='lat' dir='ltr'><strong>ad</strong></span> 
     </span>
     <span class='ocr_line' id='line_1_21' title="bbox 457 1474 2041 1538; baseline 0.001 -15"><span class='ocrx_word' id='word_1_98' title='bbox 457 1476 707 1538; x_wconf 92' lang='lat' dir='ltr'><strong>quandam</strong></span> <span class='ocrx_word' id='word_1_99' title='bbox 742 1475 1015 1524; x_wconf 84' lang='lat' dir='ltr'><strong>carminum</strong></span> <span class='ocrx_word' id='word_1_100' title='bbox 1052 1474 1271 1538; x_wconf 88' lang='lat' dir='ltr'><strong>speciem</strong></span> <span class='ocrx_word' id='word_1_101' title='bbox 1309 1475 1589 1524; x_wconf 90' lang='lat' dir='ltr'><strong>assimilatis</strong></span> <span class='ocrx_word' id='word_1_102' title='bbox 1624 1475 1772 1536; x_wconf 87' lang='lat' dir='ltr'><strong>auxit,</strong></span> <span class='ocrx_word' id='word_1_103' title='bbox 1805 1475 1941 1525; x_wconf 90' lang='lat' dir='ltr'><strong>idem</strong></span> <span class='ocrx_word' id='word_1_104' title='bbox 1975 1476 2041 1525; x_wconf 87' lang='lat' dir='ltr'><strong>ad</strong></span> 
     </span>
     <span class='ocr_line' id='line_1_22' title="bbox 456 1557 2039 1621; baseline 0.001 -15"><span class='ocrx_word' id='word_1_105' title='bbox 456 1558 668 1621; x_wconf 91' lang='lat' dir='ltr'><strong>priorem</strong></span> <span class='ocrx_word' id='word_1_106' title='bbox 709 1568 902 1621; x_wconf 90' lang='lat' dir='ltr'><strong>partem</strong></span> <span class='ocrx_word' id='word_1_107' title='bbox 943 1557 1132 1620; x_wconf 91' lang='lat' dir='ltr'><strong>aliquot</strong></span> <span class='ocrx_word' id='word_1_108' title='bbox 1173 1557 1381 1617; x_wconf 89' lang='lat' dir='ltr'><strong>addidit,</strong></span> <span class='ocrx_word' id='word_1_109' title='bbox 1422 1558 1599 1620; x_wconf 90' lang='lat' dir='ltr'><strong>partim</strong></span> <span class='ocrx_word' id='word_1_110' title='bbox 1642 1574 1763 1621; x_wconf 91' lang='lat' dir='ltr'><strong>quas</strong></span> <span class='ocrx_word' id='word_1_111' title='bbox 1806 1560 2039 1607; x_wconf 87' lang='lat' dir='ltr'><strong>Erasmus</strong></span> 
     </span>
     <span class='ocr_line' id='line_1_23' title="bbox 457 1638 2038 1703; baseline 0.001 -15"><span class='ocrx_word' id='word_1_112' title='bbox 457 1649 704 1703; x_wconf 88' lang='lat' dir='ltr'><strong>spreverat</strong></span> <span class='ocrx_word' id='word_1_113' title='bbox 751 1648 804 1688; x_wconf 93' lang='lat' dir='ltr'><strong>ut</strong></span> <span class='ocrx_word' id='word_1_114' title='bbox 851 1638 999 1687; x_wconf 88' lang='lat' dir='ltr'><strong>nimis</strong></span> <span class='ocrx_word' id='word_1_115' title='bbox 1045 1648 1314 1702; x_wconf 86' lang='lat' dir='ltr'><strong>corruptas,</strong></span> <span class='ocrx_word' id='word_1_116' title='bbox 1360 1655 1662 1702; x_wconf 90' lang='lat' dir='ltr'><strong>quamquam</strong></span> <span class='ocrx_word' id='word_1_117' title='bbox 1709 1648 1850 1688; x_wconf 92' lang='lat' dir='ltr'><strong>erant</strong></span> <span class='ocrx_word' id='word_1_118' title='bbox 1894 1655 2038 1689; x_wconf 88' lang='lat' dir='ltr'><strong>verae</strong></span> 
     </span>
     <span class='ocr_line' id='line_1_24' title="bbox 457 1719 2038 1783; baseline 0.001 -15"><span class='ocrx_word' id='word_1_119' title='bbox 457 1720 779 1779; x_wconf 86' lang='lat' dir='ltr'><strong>Publilianae‚</strong></span> <span class='ocrx_word' id='word_1_120' title='bbox 805 1720 924 1768; x_wconf 92' lang='lat' dir='ltr'><strong>alias</strong></span> <span class='ocrx_word' id='word_1_121' title='bbox 949 1736 1009 1769; x_wconf 89' lang='lat' dir='ltr'><strong>ex</strong></span> <span class='ocrx_word' id='word_1_122' title='bbox 1033 1721 1253 1769; x_wconf 88' lang='lat' dir='ltr'><strong>Senecae</strong></span> <span class='ocrx_word' id='word_1_123' title='bbox 1277 1720 1340 1769; x_wconf 93' lang='lat' dir='ltr'><strong>de</strong></span> <span class='ocrx_word' id='word_1_124' title='bbox 1365 1719 1630 1769; x_wconf 90' lang='lat' dir='ltr'><strong>clementia</strong></span> <span class='ocrx_word' id='word_1_125' title='bbox 1653 1719 1802 1779; x_wconf 88' lang='lat' dir='ltr'><strong>libris,</strong></span> <span class='ocrx_word' id='word_1_126' title='bbox 1828 1736 2038 1783; x_wconf 90' lang='lat' dir='ltr'><strong>quarum</strong></span> 
     </span>
     <span class='ocr_line' id='line_1_25' title="bbox 455 1799 2039 1863; baseline 0.001 -15"><span class='ocrx_word' id='word_1_127' title='bbox 455 1802 565 1850; x_wconf 89' lang='lat' dir='ltr'><strong>fons</strong></span> <span class='ocrx_word' id='word_1_128' title='bbox 618 1810 721 1849; x_wconf 92' lang='lat' dir='ltr'><strong>erat</strong></span> <span class='ocrx_word' id='word_1_129' title='bbox 768 1800 1017 1863; x_wconf 85' lang='lat' dir='ltr'><strong>appendix</strong></span> <span class='ocrx_word' id='word_1_130' title='bbox 1067 1799 1151 1848; x_wconf 94' lang='lat' dir='ltr'><strong>illa</strong></span> <span class='ocrx_word' id='word_1_131' title='bbox 1198 1801 1568 1863; x_wconf 89' lang='lat' dir='ltr'><strong>proverbiorum</strong></span> <span class='ocrx_word' id='word_1_132' title='bbox 1614 1800 1870 1851; x_wconf 91' lang='lat' dir='ltr'><strong>codicibus</strong></span> <span class='ocrx_word' id='word_1_133' title='bbox 1918 1817 2039 1851; x_wconf 92' lang='lat' dir='ltr'><strong>non-</strong></span> 
     </span>
    </p>
   </div>
   <div class='ocr_carea' id='block_1_10' title="bbox 454 1882 1000 1932">
    <p class='ocr_par' dir='ltr' id='par_1_10' title="bbox 454 1882 1000 1932">
     <span class='ocr_line' id='line_1_26' title="bbox 454 1882 1000 1932; baseline 0 -2"><span class='ocrx_word' id='word_1_134' title='bbox 454 1882 620 1931; x_wconf 89' lang='lat' dir='ltr'><strong>nullis.</strong></span> <span class='ocrx_word' id='word_1_135' title='bbox 631 1920 641 1930; x_wconf 88' lang='lat'><strong>.</strong></span> <span class='ocrx_word' id='word_1_136' title='bbox 652 1884 792 1932; x_wconf 76' lang='lat' dir='ltr'><strong>,falso</strong></span> <span class='ocrx_word' id='word_1_137' title='bbox 828 1884 1000 1931; x_wconf 89' lang='lat' dir='ltr'><strong>affixa.&#39;</strong></span> 
     </span>
    </p>
   </div>
   <div class='ocr_carea' id='block_1_11' title="bbox 440 1996 2036 2226">
    <p class='ocr_par' dir='ltr' id='par_1_11' title="bbox 440 1996 2036 2226">
     <span class='ocr_line' id='line_1_27' title="bbox 440 1996 2032 2066; baseline 0 -18"><span class='ocrx_word' id='word_1_138' title='bbox 440 1999 583 2048; x_wconf 87' lang='lat' dir='ltr'><strong>Rich.</strong></span> <span class='ocrx_word' id='word_1_139' title='bbox 634 2003 896 2049; x_wconf 92' lang='lat' dir='ltr'><strong>Taverner.</strong></span> <span class='ocrx_word' id='word_1_140' title='bbox 971 2002 1035 2049; x_wconf 91' lang='lat'><strong>8⁰.</strong></span> <span class='ocrx_word' id='word_1_141' title='bbox 1092 1997 1221 2066; x_wconf 92' lang='lat' dir='ltr'><strong>[Wil.</strong></span> <span class='ocrx_word' id='word_1_142' title='bbox 1253 1996 1580 2065; x_wconf 91' lang='lat' dir='ltr'><strong>Middleton.]</strong></span> <span class='ocrx_word' id='word_1_143' title='bbox 1652 2000 1813 2048; x_wconf 93' lang='lat' dir='ltr'><strong>Lond.</strong></span> <span class='ocrx_word' id='word_1_144' title='bbox 1891 2013 2032 2062; x_wconf 90' lang='lat'>1547.</span> 
     </span>
     <span class='ocr_line' id='line_1_28' title="bbox 455 2081 2036 2145; baseline 0.001 -16"><span class='ocrx_word' id='word_1_145' title='bbox 455 2081 589 2130; x_wconf 90' lang='lat' dir='ltr'><strong>With</strong></span> <span class='ocrx_word' id='word_1_146' title='bbox 635 2098 699 2130; x_wconf 91' lang='lat' dir='ltr'><strong>an</strong></span> <span class='ocrx_word' id='word_1_147' title='bbox 747 2083 953 2145; x_wconf 90' lang='lat' dir='ltr'><strong>English</strong></span> <span class='ocrx_word' id='word_1_148' title='bbox 1000 2081 1301 2130; x_wconf 86' lang='lat' dir='ltr'><strong>translation.</strong></span> <span class='ocrx_word' id='word_1_149' title='bbox 1375 2081 1587 2130; x_wconf 90' lang='lat' dir='ltr'><strong>Heber’s</strong></span> <span class='ocrx_word' id='word_1_150' title='bbox 1634 2096 1763 2144; x_wconf 88' lang='lat' dir='ltr'><strong>copy</strong></span> <span class='ocrx_word' id='word_1_151' title='bbox 1804 2082 1915 2130; x_wconf 91' lang='lat' dir='ltr'><strong>sold</strong></span> <span class='ocrx_word' id='word_1_152' title='bbox 1961 2082 2036 2131; x_wconf 88' lang='lat' dir='ltr'><strong>for</strong></span> 
     </span>
     <span class='ocr_line' id='line_1_29' title="bbox 459 2163 912 2226; baseline -0.002 -14"><span class='ocrx_word' id='word_1_153' title='bbox 459 2181 555 2212; x_wconf 87' lang='lat'><strong>105.</strong></span> <span class='ocrx_word' id='word_1_154' title='bbox 586 2165 661 2212; x_wconf 80' lang='lat' dir='ltr'><strong>6d.</strong></span> <span class='ocrx_word' id='word_1_155' title='bbox 690 2163 741 2211; x_wconf 93' lang='lat' dir='ltr'><strong>in</strong></span> <span class='ocrx_word' id='word_1_156' title='bbox 770 2166 912 2226; x_wconf 86' lang='lat'>1834.</span> 
     </span>
    </p>
   </div>
   <div class='ocr_carea' id='block_1_12' title="bbox 436 2276 2034 2970">
    <p class='ocr_par' dir='ltr' id='par_1_12' title="bbox 437 2276 2034 2573">
     <span class='ocr_line' id='line_1_30' title="bbox 437 2276 2032 2341; baseline -0.001 -13"><span class='ocrx_word' id='word_1_157' title='bbox 437 2281 559 2329; x_wconf 93' lang='lat' dir='ltr'><strong>Geo.</strong></span> <span class='ocrx_word' id='word_1_158' title='bbox 590 2278 855 2327; x_wconf 77' lang='lat' dir='ltr'><strong>Fabricius</strong></span> <span class='ocrx_word' id='word_1_159' title='bbox 920 2282 982 2326; x_wconf 86' lang='lat'><strong>80.</strong></span> <span class='ocrx_word' id='word_1_160' title='bbox 1045 2277 1178 2341; x_wconf 91' lang='lat' dir='ltr'><strong>Lips.</strong></span> <span class='ocrx_word' id='word_1_161' title='bbox 1247 2292 1386 2341; x_wconf 86' lang='lat'><strong>1550.</strong></span> <span class='ocrx_word' id='word_1_162' title='bbox 1462 2276 1777 2340; x_wconf 88' lang='lat' dir='ltr'><strong>‘Elegantiae</strong></span> <span class='ocrx_word' id='word_1_163' title='bbox 1802 2292 1830 2325; x_wconf 94' lang='lat' dir='ltr'><strong>e</strong></span> <span class='ocrx_word' id='word_1_164' title='bbox 1856 2278 2032 2327; x_wconf 93' lang='lat' dir='ltr'><strong>Plauto</strong></span> 
     </span>
     <span class='ocr_line' id='line_1_31' title="bbox 453 2358 2033 2423; baseline -0.002 -13"><span class='ocrx_word' id='word_1_165' title='bbox 453 2378 512 2410; x_wconf 93' lang='lat' dir='ltr'><strong>ac</strong></span> <span class='ocrx_word' id='word_1_166' title='bbox 546 2359 783 2410; x_wconf 89' lang='lat' dir='ltr'><strong>Terentio</strong></span> <span class='ocrx_word' id='word_1_167' title='bbox 819 2362 1116 2419; x_wconf 79' lang='lat' dir='ltr'><strong>collectae&#39;3</strong></span> <span class='ocrx_word' id='word_1_168' title='bbox 1163 2358 1414 2421; x_wconf 90' lang='lat' dir='ltr'><strong>following</strong></span> <span class='ocrx_word' id='word_1_169' title='bbox 1451 2360 1686 2406; x_wconf 90' lang='lat' dir='ltr'><strong>Erasmus</strong></span> <span class='ocrx_word' id='word_1_170' title='bbox 1721 2359 1812 2406; x_wconf 91' lang='lat' dir='ltr'><strong>but</strong></span> <span class='ocrx_word' id='word_1_171' title='bbox 1846 2358 2033 2423; x_wconf 88' lang='lat' dir='ltr'><strong>adding</strong></span> 
     </span>
     <span class='ocr_line' id='line_1_32' title="bbox 451 2439 2034 2506; baseline -0.001 -14"><span class='ocrx_word' id='word_1_172' title='bbox 451 2452 633 2506; x_wconf 89' lang='lat' dir='ltr'><strong>twenty</strong></span> <span class='ocrx_word' id='word_1_173' title='bbox 679 2444 807 2492; x_wconf 91' lang='lat' dir='ltr'><strong>fresh</strong></span> <span class='ocrx_word' id='word_1_174' title='bbox 864 2450 1124 2491; x_wconf 89' lang='lat' dir='ltr'><strong>sentences</strong></span> <span class='ocrx_word' id='word_1_175' title='bbox 1176 2441 1464 2503; x_wconf 89' lang='lat' dir='ltr'><strong>separately‚</strong></span> <span class='ocrx_word' id='word_1_176' title='bbox 1516 2439 1823 2489; x_wconf 91' lang='lat' dir='ltr'><strong>‘Sententias</strong></span> <span class='ocrx_word' id='word_1_177' title='bbox 1870 2441 2034 2491; x_wconf 89' lang='lat' dir='ltr'><strong>Publii</strong></span> 
     </span>
     <span class='ocr_line' id='line_1_33' title="bbox 453 2523 865 2573; baseline -0.005 -1"><span class='ocrx_word' id='word_1_178' title='bbox 453 2524 616 2573; x_wconf 89' lang='lat' dir='ltr'><strong>mimis</strong></span> <span class='ocrx_word' id='word_1_179' title='bbox 653 2523 865 2573; x_wconf 89' lang='lat' dir='ltr'><strong>similes.’</strong></span> 
     </span>
    </p>

    <p class='ocr_par' dir='ltr' id='par_1_13' title="bbox 438 2632 2032 2766">
     <span class='ocr_line' id='line_1_34' title="bbox 438 2632 2032 2701; baseline 0 -17"><span class='ocrx_word' id='word_1_180' title='bbox 438 2639 501 2684; x_wconf 89' lang='lat'><strong>8⁰.</strong></span> <span class='ocrx_word' id='word_1_181' title='bbox 565 2632 890 2701; x_wconf 90' lang='lat' dir='ltr'><strong>[Ascensius.]</strong></span> <span class='ocrx_word' id='word_1_182' title='bbox 951 2636 1054 2683; x_wconf 92' lang='lat' dir='ltr'><strong>Par.</strong></span> <span class='ocrx_word' id='word_1_183' title='bbox 1123 2648 1265 2697; x_wconf 89' lang='lat'>1550.</span> <span class='ocrx_word' id='word_1_184' title='bbox 1326 2633 1461 2682; x_wconf 94' lang='lat' dir='ltr'><strong>With</strong></span> <span class='ocrx_word' id='word_1_185' title='bbox 1487 2634 1638 2693; x_wconf 81' lang='lat' dir='ltr'><strong>Cat03</strong></span> <span class='ocrx_word' id='word_1_186' title='bbox 1673 2638 1805 2682; x_wconf 88' lang='lat' dir='ltr'><strong>‘cum</strong></span> <span class='ocrx_word' id='word_1_187' title='bbox 1833 2634 2032 2685; x_wconf 89' lang='lat' dir='ltr'><strong>scholiis</strong></span> 
     </span>
     <span class='ocr_line' id='line_1_35' title="bbox 452 2717 623 2766; baseline -0.012 0"><span class='ocrx_word' id='word_1_188' title='bbox 452 2717 623 2766; x_wconf 93' lang='lat' dir='ltr'><strong>Badii.’</strong></span> 
     </span>
    </p>

    <p class='ocr_par' dir='ltr' id='par_1_14' title="bbox 436 2823 2027 2970">
     <span class='ocr_line' id='line_1_36' title="bbox 436 2823 2027 2891; baseline -0.001 -16"><span class='ocrx_word' id='word_1_189' title='bbox 436 2826 579 2875; x_wconf 89' lang='lat' dir='ltr'><strong>Rich.</strong></span> <span class='ocrx_word' id='word_1_190' title='bbox 616 2828 880 2874; x_wconf 91' lang='lat' dir='ltr'><strong>Taverner.</strong></span> <span class='ocrx_word' id='word_1_191' title='bbox 958 2832 1049 2873; x_wconf 91' lang='lat'><strong>12⁰.</strong></span> <span class='ocrx_word' id='word_1_192' title='bbox 1114 2823 1242 2891; x_wconf 92' lang='lat' dir='ltr'><strong>[Wil.</strong></span> <span class='ocrx_word' id='word_1_193' title='bbox 1310 2823 1579 2891; x_wconf 88' lang='lat' dir='ltr'><strong>Copland.]</strong></span> <span class='ocrx_word' id='word_1_194' title='bbox 1651 2826 1808 2874; x_wconf 90' lang='lat' dir='ltr'><strong>Lond.</strong></span> <span class='ocrx_word' id='word_1_195' title='bbox 1887 2843 1907 2873; x_wconf 96' lang='lat'>1</span> <span class='ocrx_word' id='word_1_196' title='bbox 1917 2839 1942 2889; x_wconf 87' lang='lat'><strong>5</strong></span> <span class='ocrx_word' id='word_1_197' title='bbox 1951 2840 2027 2890; x_wconf 92' lang='lat'><strong>50.</strong></span> 
     </span>
     <span class='ocr_line' id='line_1_37' title="bbox 448 2907 1475 2970; baseline -0.004 -12"><span class='ocrx_word' id='word_1_198' title='bbox 448 2909 583 2958; x_wconf 91' lang='lat' dir='ltr'><strong>With</strong></span> <span class='ocrx_word' id='word_1_199' title='bbox 607 2925 671 2957; x_wconf 90' lang='lat' dir='ltr'><strong>an</strong></span> <span class='ocrx_word' id='word_1_200' title='bbox 698 2907 902 2970; x_wconf 91' lang='lat' dir='ltr'><strong>English</strong></span> <span class='ocrx_word' id='word_1_201' title='bbox 927 2907 1228 2956; x_wconf 88' lang='lat' dir='ltr'><strong>translation.</strong></span> <span class='ocrx_word' id='word_1_202' title='bbox 1469 2935 1475 2940; x_wconf 87' lang='lat'>-</span> 
     </span>
    </p>
   </div>
   <div class='ocr_carea' id='block_1_13' title="bbox 436 3016 1468 3086">
    <p class='ocr_par' dir='ltr' id='par_1_15' title="bbox 436 3016 1468 3086">
     <span class='ocr_line' id='line_1_38' title="bbox 436 3016 1468 3086; baseline -0.001 -19"><span class='ocrx_word' id='word_1_203' title='bbox 436 3022 496 3069; x_wconf 91' lang='lat'><strong>8⁰.</strong></span> <span class='ocrx_word' id='word_1_204' title='bbox 574 3018 706 3086; x_wconf 90' lang='lat' dir='ltr'><strong>[Seb.</strong></span> <span class='ocrx_word' id='word_1_205' title='bbox 734 3016 1020 3085; x_wconf 89' lang='lat' dir='ltr'><strong>Gryphius.]</strong></span> <span class='ocrx_word' id='word_1_206' title='bbox 1091 3018 1249 3082; x_wconf 91' lang='lat' dir='ltr'><strong>Lugd.</strong></span> <span class='ocrx_word' id='word_1_207' title='bbox 1328 3032 1383 3081; x_wconf 89' lang='lat'><strong>15</strong></span> <span class='ocrx_word' id='word_1_208' title='bbox 1393 3033 1468 3082; x_wconf 89' lang='lat'><strong>50.</strong></span> 
     </span>
    </p>
   </div>
  </div>
 </body>
</html>
