2232 3522
334 236 400 300 38
761 245 1030 286 PUBLILII
1071 245 1206 286 SYRI
1248 245 1658 285 SENTENTIAE.

268 358 507 429 l÷²‘'Suum
547 377 793 443 sequitur
831 377 1015 427 lumen
1055 393 1273 443 semper
1311 377 1639 428 innocentia.
2005 387 2086 439 650

334 461 578 514 Stultum
620 471 702 515 est
743 463 928 515 ulcisci
968 463 1108 514 velle
1147 463 1314 514 alium
1355 480 1536 530 poena
1575 480 1686 515 sua.

258 563 307 598 20
334 547 451 600 Sibi
490 551 727 616 primum
768 550 1037 601 auxilium
1079 550 1286 616 eripere
1325 559 1408 602 est
1447 551 1595 618 leges
1635 549 1838 602 tollere.

333 633 458 686 Suis
497 637 591 702 qui
631 637 804 688 nescit
842 653 1079 703 parcere,
1118 637 1353 688 inimicis
1393 637 1558 692 favet.

363 719 572 801 ijine
606 723 796 774 dolore
832 730 915 774 est
949 722 1160 786 vulnuS‚
1187 726 1335 791 quod
1366 725 1651 787 serendum
1692 733 1775 776 est
1812 742 1938 776 oum
1975 727 2084 778 vic-

543 811 695 862 toria.

332 895 564 962 Semper
602 897 901 947 metuendo
940 897 1159 964 sapiens
1198 897 1369 948 evitat
1406 897 1630 949 malum.
2006 907 2085 960 655

373 982 575 1033 tultum
615 990 699 1033 est
737 983 889 1049 queri
929 982 998 1033 de
1037 982 1294 1046 adversiS,
1333 983 1426 1034 ubi
1465 983 1629 1050 culpa
1667 990 1751 1034 est
1790 990 1900 1034 tua.

50 1062 196 1096 “N'‘
236 1071 246 1125 l
331 1067 485 1120 Solet
523 1069 671 1131 hora,
710 1069 859 1135 quod
900 1069 1058 1120 multi
1098 1069 1226 1120 anni
1266 1070 1628 1133 abstulerunt,
1668 1071 1907 1121 reddere.

331 1154 503 1221 Spina
542 1155 709 1206 etiam
749 1162 906 1221 grata
945 1163 1041 1218 est,
1081 1173 1153 1206 ex
1193 1172 1303 1222 qua
1341 1164 1625 1223 spectatur
1663 1173 1800 1207 rosa.

330 1241 573 1294 Stultum
614 1249 696 1293 est
733 1242 972 1293 vicinum
1013 1242 1151 1293 velle
1189 1242 1375 1294 ulcisci
1415 1243 1681 1294 incendio

0 1353 180 1375 ἡ
241 1319 298 1398 Vs
330 1326 574 1379 Stultum
615 1327 745 1379 facit
786 1329 1044 1391 Fortuna,
1083 1345 1248 1394 quem
1287 1329 1406 1379 vult
1445 1329 1686 1395 perdere.
2003 1340 2084 1382 660

330 1413 470 1481 Spes
509 1414 746 1480 inopem,
785 1431 868 1464 res
908 1431 1151 1477 avarum,
1191 1431 1337 1465 mors
1377 1415 1637 1466 miserum
1677 1415 1837 1466 levat.

255 1518 304 1553 30
330 1500 403 1553 Se
441 1502 673 1552 damnat
712 1501 898 1564 iudex,
937 1502 1289 1553 innocentem
1329 1503 1422 1568 qui
1462 1503 1740 1569 opprimit.

329 1587 446 1640 Sibi
487 1588 606 1655 ipsa
645 1588 972 1655 improbitas
1011 1589 1159 1655 cogit
1199 1588 1312 1640 fieri
1353 1590 1621 1642 iniuriam.

255 1667 260 1698 ¹
329 1674 475 1727 Satis
515 1681 597 1726 est
635 1675 842 1737 beatuS,
882 1674 975 1741 qui
1015 1683 1200 1742 potest
1238 1692 1363 1726 cum
1404 1675 1524 1727 vult
1563 1676 1715 1727 mori.

265 1741 325 1820 s
329 1761 483 1814 Solet
522 1762 676 1828 sequi
716 1761 848 1824 lauS‚
887 1778 1012 1813 cum
1050 1762 1197 1813 viam
1236 1761 1364 1814 fecit
1403 1762 1570 1814 labor.
2005 1774 2083 1826 665

328 1847 521 1900 Socius
560 1847 621 1899 fit
659 1847 868 1914 culpae,
907 1848 1000 1914 qui
1041 1856 1331 1899 nocentem
1371 1849 1635 1901 sublevat.

253 1955 302 1990 35
329 1934 582 2002 Suspicio
620 1933 724 1984 sibi
763 1934 883 2000 ipsa
923 1933 1118 1985 rivales
1156 1935 1313 2001 parit.

328 2021 560 2089 Semper
598 2021 972 2083 metuendum,
1011 2022 1272 2089 quicquid
1313 2022 1469 2074 irasci
1508 2031 1707 2090 potest.

328 2108 541 2162 Seditio
579 2108 780 2159 civium
819 2107 1062 2159 hostium
1103 2117 1186 2160 est
1226 2110 1456 2161 occasi0.

328 2194 535 2247 Salutis
574 2211 739 2245 causa
777 2194 918 2245 bene
955 2193 1018 2245 fit
1056 2194 1267 2246 hom1n1
1307 2195 1516 2247 1n1uria.
2002 2207 2083 2259 670

325 2315 414 2366 ipse
434 2314 474 2352 d.
496 2325 537 2365 q.
559 2325 597 2351 a.
618 2313 804 2365 poenitet
822 2313 912 2352 Μν.
970 2326 1002 2352 s.
1023 2314 1064 2352 d.
1087 2326 1176 2366 sup.
1199 2327 1240 2366 q.
1262 2313 1344 2353 iam
1365 2327 1401 2352 a.
1424 2313 1609 2365 poenitet
1629 2314 1705 2352 Fr.
1821 2318 1900 2352 18.
1959 2328 2077 2354 suum

325 2368 506 2420 sequitur
533 2367 673 2406 lumen
698 2380 860 2419 semper
885 2367 1120 2406 innocentia
1147 2368 1182 2407 F
1213 2368 1285 2407 Gr.
1318 2368 1388 2407 Or.
1430 2368 1512 2407 Wo.
1540 2369 1610 2419 Sp.
1641 2368 1730 2408 Mr.
1791 2381 1823 2407 s.
1845 2381 1901 2408 se.
1924 2381 2078 2408 numen

324 2435 425 2461 sem.
447 2422 473 2461 i.
495 2422 566 2460 Ri.
624 2434 655 2460 s.
677 2434 734 2460 se.
757 2420 784 2459 1.
805 2433 906 2460 sem.
928 2421 1207 2461 innocentiam
1227 2421 1303 2461 Bo.
1361 2435 1392 2460 s.
1420 2434 1550 2473 usque
1576 2421 1604 2460 1.
1632 2422 1816 2474 sequitur
1843 2422 2079 2462 innocentia

324 2477 399 2514 Fr.
569 2479 647 2512 19.
704 2475 873 2514 stultum
899 2482 959 2515 est
987 2475 1114 2515 alium
1141 2477 1175 2514 F
1206 2476 1280 2515 Gr.
1312 2475 1383 2514 Or.
1425 2477 1507 2514 Wo.
1564 2475 1705 2515 ulcisci
1731 2476 1838 2515 velle
1865 2476 1914 2515 F.
1971 2477 2078 2517 velle

324 2529 464 2569 ulcisci
491 2530 659 2580 Ingolst.
679 2529 807 2568 editor
828 2530 901 2568 Gr.
928 2530 1000 2568 Or.
1037 2530 1121 2569 Wo.
1178 2543 1210 2569 s.
1238 2542 1274 2568 e.
1295 2543 1334 2568 v.
1355 2543 1395 2569 u.
1417 2542 1454 2569 a.
1481 2542 1522 2581 p.
1544 2542 1577 2568 s.
1598 2531 1672 2569 Bo.
1697 2530 1764 2568 Ri.
1786 2531 1875 2569 Alr.
1923 2543 1956 2570 s.
1978 2544 2013 2570 e.
2035 2544 2076 2570 u.

324 2598 363 2622 v.
399 2597 436 2623 a.
471 2597 512 2635 p.
548 2596 579 2622 s.
617 2583 769 2622 Nauck
824 2596 856 2622 s.
890 2596 926 2622 e.
962 2583 1116 2623 talione
1148 2597 1189 2623 u.
1223 2597 1263 2622 v.
1292 2596 1329 2622 a.
1360 2597 1403 2636 p.
1432 2596 1462 2623 s.
1496 2584 1570 2622 Fr.
1689 2587 1775 2621 20.
1833 2584 2012 2636 primum
2042 2586 2077 2624 F

330 2639 402 2678 Gr.
437 2638 506 2677 Or.
537 2637 608 2688 Sp.
636 2638 726 2675 Mr.
756 2637 829 2676 Fr.
892 2638 1026 2689 primo
1055 2638 1129 2676 Bo.
1174 2638 1257 2676 Wo.
1289 2637 1360 2676 Ri.
1576 2640 1659 2677 22.
1721 2638 1833 2689 quod
1862 2637 2076 2678 ferendum

324 2699 385 2732 est
412 2704 505 2731 cum
526 2690 697 2730 victoria
709 2690 758 2729 'F
794 2691 878 2730 Wo.
905 2692 975 2730 Rz’.
1003 2692 1076 2743 Sp.
1103 2692 1193 2730 Mr.
1251 2704 1291 2742 q.
1319 2690 1347 2729 f.
1375 2704 1469 2731 cum
1496 2691 1706 2730 victoriast
1731 2692 1800 2730 Ri.
1858 2705 1899 2744 q.
1927 2692 1956 2731 f.
1983 2706 2077 2732 cum

325 2746 495 2785 victoria
519 2747 589 2785 Gr.
617 2745 686 2784 Or.
748 2757 789 2797 q.
811 2743 837 2783 f.
863 2752 923 2784 est
949 2745 1096 2784 vulnus
1123 2758 1159 2784 c.
1181 2758 1219 2783 v.
1241 2745 1316 2784 Bo.
1375 2745 1487 2797 quod
1514 2744 1594 2785 fers
1619 2745 1790 2784 crudum
1817 2758 1910 2785 cum
1937 2759 1975 2786 v.
1999 2747 2075 2785 Fr.

326 2804 410 2838 25.
467 2799 571 2839 solet
596 2798 638 2837 h.
665 2811 706 2850 q.
731 2811 787 2837 m.
817 2798 914 2837 anni
942 2798 1197 2838 abstulerunt
1226 2799 1396 2838 reddere
1426 2799 1460 2837 F
1492 2799 1562 2838 Or.
1596 2799 1671 2838 Bo.
1698 2800 1767 2839 Ri.
1792 2800 1882 2838 Mr.
1939 2800 2075 2839 abstu-

325 2854 444 2893 lerint
469 2855 542 2893 Gr.
565 2853 635 2892 Or.
656 2853 732 2892 Bo.
762 2853 846 2891 Wo.
870 2853 937 2891 lei.
994 2853 1246 2892 abstulerant
1266 2854 1335 2904 Sp.
1502 2857 1585 2891 34.
1643 2853 1713 2905 qui
1732 2860 1949 2893 nocentem
1967 2854 2077 2894 levat

326 2908 374 2946 F.
432 2920 472 2959 q.
494 2921 535 2946 n.
557 2907 668 2946 iuvat
688 2909 781 2957 πψα
802 2906 899 2953 (and
920 2906 1087 2945 adiuvat
1106 2906 1164 2958 α).
1221 2919 1261 2958 q.
1286 2919 1326 2946 n.
1352 2906 1539 2946 sublevat
1558 2907 1725 2958 Ingolst.
1751 2907 1881 2946 editor
1904 2909 1976 2946 Gr.
2002 2909 2074 2947 Or.

324 2963 399 3001 Bo.
422 2962 494 3000 Rz'.
517 2962 587 3012 Sp.
608 2960 760 3000 Nauck
780 2961 867 2998 [νίν.
924 2960 1108 3012 quisquis
1129 2973 1168 2999 n.
1194 2960 1303 3000 levat
1333 2961 1415 3000 Wo.
1468 2961 1595 3012 quin.
1616 2961 1763 3000 liberat
1783 2962 1856 3000 Fr.
1914 2968 2075 3001 sontem

324 3016 396 3068 qui
416 3028 499 3055 non
519 3014 737 3067 supprimit
757 3014 842 3066 Hg.
978 3019 1061 3053 86.
1118 3026 1150 3053 s.
1172 3027 1228 3053 m.
1250 3027 1290 3066 q.
1312 3015 1338 3053 i.
1361 3028 1402 3067 p.
1426 3015 1459 3053 F
1485 3015 1557 3054 Gr.
1583 3015 1654 3055 Or.
1676 3015 1750 3054 Bo.
1782 3016 1866 3055 Wo.
1886 3015 1959 3054 Ri.
1981 3017 2069 3056 Mr.
