2232 3522
832 294 1329 336 INTRODUCTION.
1880 301 1955 334 XV

270 462 280 473 .
356 427 417 474 In
447 425 556 490 ipsa
588 441 787 489 quoque
820 425 1018 475 actione
1050 425 1261 475 subinde
1295 441 1361 485 se,
1388 441 1486 488 qua
1521 434 1730 488 poterat,
1755 426 1957 475 ulcisce-

204 507 346 556 batur
380 505 584 555 inducto
620 506 792 555 habitu
829 505 947 570 Syri,
974 505 1059 569 qui
1093 507 1227 555 velut
1262 506 1421 569 flagris
1457 522 1628 555 caesus
1665 506 1957 569 praeripien-

203 586 338 650 tique
362 586 532 637 similis
557 587 895 636 exclamabat:

527 676 539 699 ‘
556 676 708 724 Porro
744 673 989 736 Quirites!
1039 674 1315 723 libertatem
1351 672 1681 737 perdimus—'

202 779 253 819 et
287 771 436 833 paulo
471 779 586 833 post
622 770 832 820 adiecit:

390 860 638 908 ‘Necesse
673 869 747 908 est
782 859 965 907 multos
1000 857 1172 907 timeat
1207 872 1356 920 quem
1393 856 1534 905 multi
1570 855 1775 907 timent.'

205 954 320 1016 Quo
343 952 479 1003 dicto
502 953 793 1003 universitas
817 953 989 1018 populi
1013 954 1078 1003 ad
1102 954 1262 1003 solum
1291 954 1554 1003 Caesarem
1580 954 1752 1002 oculos
1785 963 1834 1003 et
1871 971 1958 1003 ora

203 1034 457 1095 convertit,
485 1045 716 1084 notantes
740 1034 1085 1099 impotentiam
1109 1034 1214 1084 eius
1247 1035 1340 1083 hac
1372 1033 1636 1083 dicacitate
1669 1034 1953 1098 lapidatam.

206 1118 288 1168 Ob
329 1117 452 1167 haec
492 1117 544 1166 in
586 1117 850 1167 Publilium
889 1117 1031 1166 vertit
1072 1118 1301 1165 favorem.
1377 1118 1429 1165 Is
1471 1116 1713 1166 Publilius
1755 1116 1959 1166 natione

204 1201 350 1262 Syrus
374 1215 487 1247 cum
511 1216 633 1263 puer
655 1201 721 1249 ad
745 1209 1006 1263 patronum
1030 1197 1219 1248 domini
1244 1206 1372 1246 esset
1401 1199 1660 1258 adductus,
1689 1199 1958 1262 promeruit

206 1297 321 1329 eum
359 1297 462 1329 non
498 1281 660 1330 minus
696 1281 880 1331 salibus
916 1291 965 1331 et
1001 1280 1199 1344 ingenio
1234 1297 1384 1343 quam
1420 1281 1591 1330 forma.
1666 1283 1799 1330 Nam
1834 1283 1961 1331 forte
2032 1348 2035 1350 ‚

204 1378 318 1411 cum
354 1363 435 1411 ille
472 1379 664 1411 servum
702 1379 846 1412 suum
880 1360 1206 1426 hydropicum
1243 1360 1488 1410 iacentem
1524 1360 1576 1409 in
1608 1378 1722 1411 area
1755 1361 1960 1411 vidisset

205 1443 623 1507 increpuissetque
661 1444 782 1507 quid
819 1444 870 1491 in
908 1445 1012 1493 sole
1052 1445 1232 1492 faceret
1272 1442 1540 1506 respondit,
1584 1448 1793 1507 ‘aquarn
1837 1444 1962 1493 cale-

204 1524 351 1573 facit.'
422 1524 635 1573 Ioculari
660 1525 843 1574 deinde
867 1541 1014 1588 super
1037 1541 1163 1574 cena
1186 1534 1354 1573 exorta
1377 1523 1668 1585 quaestione
1701 1526 1956 1587 quodnam

207 1616 336 1655 esset
361 1608 625 1655 molestum
651 1606 806 1655 otium
830 1606 964 1655 aliud
989 1605 1087 1655 alio
1112 1605 1351 1669 opinante
1375 1605 1457 1655 ille
1483 1606 1759 1670 ‘podagrici
1783 1608 1959 1670 pedes’

209 1687 345 1738 dixit.
418 1689 498 1738 Ob
527 1689 651 1736 haec
687 1697 736 1737 et
772 1687 868 1736 alia
902 1687 1233 1737 manumissus
1269 1697 1317 1737 et
1353 1688 1539 1736 maiore
1573 1704 1690 1736 cura
1724 1688 1958 1748 eruditus,

207 1787 323 1819 cum
347 1772 526 1820 mimos
551 1780 875 1834 componeret
907 1769 1193 1834 ingentique
1230 1786 1435 1819 assensu
1467 1769 1518 1817 in
1553 1769 1727 1819 Italiae
1760 1769 1958 1834 oppidis

207 1869 351 1917 agere
382 1853 644 1917 coepisset,
671 1854 943 1916 productus
978 1854 1173 1901 Romae
1203 1868 1293 1915 per
1328 1851 1554 1902 Caesaris
1589 1853 1750 1911 ludos,
1784 1866 1960 1900 omnes

208 1935 293 1998 qui
318 1945 435 1984 tunc
459 1935 641 1998 scripta
664 1945 712 1984 et
737 1951 911 1998 operas
936 1950 1047 1983 suas
1071 1933 1123 1982 in
1147 1949 1348 1982 scenam
1372 1935 1654 1983 locaverant
1671 1931 1958 1997 provocavit

209 2025 262 2065 ut
320 2016 498 2080 singuli
547 2033 715 2066 secum
773 2017 937 2081 posita
993 2017 1045 2065 in
1102 2015 1262 2066 vicem
1320 2015 1526 2065 materia
1582 2032 1673 2079 pro
1732 2025 1959 2078 tempore

207 2099 568 2148 contenderent
585 2118 598 2160 3
639 2115 732 2148 nec
763 2100 866 2148 ullo
898 2107 1157 2148 recusante
1191 2096 1436 2160 superavit
1469 2114 1658 2156 omnes,
1685 2096 1734 2145 in
1770 2095 1877 2159 quis
1910 2105 1959 2145 et

211 2180 487 2229 Laberium.
559 2182 711 2231 Unde
738 2182 920 2231 Caesar
942 2180 1164 2230 arridens
1189 2181 1286 2230 hoc
1309 2181 1463 2230 modo
1486 2179 1825 2244 pronuntiavit
1845 2197 1854 2226 :

425 2278 672 2327 ‘Favente
707 2276 795 2326 tibi
832 2293 912 2326 me
945 2277 1106 2325 victus
1141 2292 1208 2336 ες,
1247 2276 1439 2335 Laberi,
1475 2293 1505 2325 a
1540 2277 1740 2341 Syro—²

208 2370 472 2434 statimque
515 2371 727 2422 Publilio
765 2373 982 2435 palmam
1017 2381 1066 2421 et
1106 2371 1315 2420 Laberio
1355 2373 1558 2420 anulum
1600 2387 1804 2420 aureum
1839 2387 1953 2420 cum

210 2451 490 2516 quingentis
537 2453 768 2502 sestertiis
809 2453 961 2502 dedit.
1033 2454 1177 2501 Tunc
1214 2451 1452 2502 Publilius
1487 2454 1552 2502 ad
1590 2452 1854 2501 Laberium
1892 2467 1961 2501 re·

208 2533 470 2582 cedentem
507 2533 603 2582 ait:

300 2621 546 2683 ‘Quicum
583 2621 883 2671 contendisti
920 2621 1140 2685 scriptor,
1177 2622 1312 2670 hunc
1348 2631 1598 2685 spectator
1633 2623 1868 2672 subleva!

212 2714 407 2764 Publilii
441 2726 607 2766 autern
646 2716 920 2766 sententiae
961 2718 1182 2766 feruntur
1218 2716 1416 2780 lepidae
1454 2727 1503 2767 et
1542 2719 1607 2767 ad
1642 2735 1958 2768 communem

210 2813 352 2846 usum
377 2799 938 2858 accommodatissimae,
966 2815 1025 2848 ex
1049 2798 1227 2862 quibus
1260 2799 1348 2848 has
1384 2801 1484 2849 fere
1518 2800 1721 2850 memini
1755 2800 1958 2864 singulis

211 2877 432 2927 versibus
457 2878 876 2943 circumscriptas:

348 2967 680 3016 ‘Beneficium
716 2968 884 3017 dando
921 2967 1129 3030 accepit,
1167 2967 1252 3031 qui
1289 2968 1440 3032 digno
1477 2969 1645 3019 dedit.'

351 3049 526 3097 ‘Feras
561 3065 664 3098 non
698 3051 885 3113 culpeS,
923 3049 1059 3112 quod
1095 3049 1271 3099 mutari
1308 3065 1410 3099 non
1446 3052 1640 3114 potest.’
1664 3060 1760 3101 etc.
1786 3052 1908 3102 ete.'’
