2232 3522
598 288 868 329 PUBLILII
908 288 1045 330 SYRI
1086 289 1497 330 SENTENTIAE.
1857 292 1918 330 21

92 431 144 467 15
171 419 337 470 Locis
375 419 599 471 remotis
639 419 732 486 qui
771 419 922 483 latet,
961 420 1055 472 lex
1094 428 1179 472 est
1217 420 1336 472 sibi.

171 504 312 556 Late
350 504 529 556 lucere
567 505 724 572 igniS,
764 505 900 556 nihil
940 514 1000 557 ut
1039 513 1176 567 urat,
1218 512 1418 573 potest.
1848 531 1927 570 340

171 592 480 644 Licentiam
519 591 616 643 des
654 591 891 659 linguae,
928 609 1053 644 cum
1092 609 1285 644 verum
1324 599 1497 659 petas.

99 682 142 733 Z
173 681 413 733 Lucrum
453 689 538 733 est
578 679 827 732 dolorem
866 699 1030 749 posse
1068 682 1276 734 damno
1314 682 1684 749 exstinguere.

98 838 143 895 Σ
172 838 450 906 Malignos
489 837 604 890 fieri
645 838 891 890 maxime
930 837 1130 906 ingrati
1169 838 1387 890 docent.

172 924 365 977 Multis
404 924 658 985 minatur,
695 924 789 991 qui
829 925 922 976 uni
962 923 1092 976 facit
1131 923 1401 976 iniuriam.

104 1006 334 1063 VMora
371 1010 551 1061 omnis
589 1010 719 1062 odio
757 1018 855 1072 est,
896 1011 993 1062 sed
1034 1008 1165 1061 facit
1202 1010 1550 1077 sapientiam.
1849 1033 1925 1073 345

175 1095 327 1147 Mala
365 1113 531 1148 causa
568 1104 666 1158 est,
704 1114 846 1164 quae
885 1097 1110 1164 requirit
1148 1097 1598 1150 misericordiam.

21 1235 42 1256 ⁸
123 1202 149 1237 5
176 1183 320 1234 Mori
360 1190 444 1235 est
481 1183 667 1245 felicis,
706 1191 1007 1251 antequam
1048 1191 1282 1236 mortem
1322 1185 1559 1237 invoces,

176 1269 439 1321 Miserum
479 1278 562 1322 est
599 1277 781 1321 tacere
818 1270 956 1338 cogi,
994 1272 1143 1338 quod
1183 1272 1374 1339 cupias
1413 1272 1580 1340 loqui.

175 1356 486 1408 Miserrima
524 1363 607 1408 est
646 1356 879 1418 fortuna,
917 1374 1061 1424 quae
1099 1358 1322 1410 inimico
1361 1367 1525 1410 caret.

174 1442 358 1493 Malus
396 1450 480 1494 est
517 1442 816 1508 vocanduS,
855 1443 949 1510 qui
986 1460 1086 1495 sua
1124 1451 1208 1496 est
1246 1462 1412 1497 causa
1451 1445 1645 1496 bonus
1849 1464 1929 1507 350

94 1540 164 1586 ts
241 1528 360 1580 alus
396 1528 606 1580 bonum
645 1529 739 1580 ubi
778 1545 836 1579 se
874 1529 1112 1593 simulat,
1150 1538 1283 1582 tune
1320 1538 1405 1582 est
1443 1530 1728 1598 pessimus

96 1529 360 1701 lyffietus
398 1632 523 1667 cum
563 1615 728 1675 venit,
769 1631 949 1666 rarum
990 1614 1159 1668 habet
1196 1634 1425 1669 somnus
1464 1617 1661 1668 locum.

85 1720 149 1765 gs
175 1701 319 1752 Mori
358 1717 582 1752 necesse
620 1708 719 1764 est,
757 1701 855 1752 sed
895 1717 1006 1752 non
1046 1703 1303 1769 quotiens
1340 1702 1591 1754 volueris,

175 1786 326 1838 Male
362 1787 584 1854 geritur,
624 1787 887 1854 quicquid
926 1788 1135 1854 geritur
1172 1787 1425 1840 fortunae
1463 1787 1584 1839 fide.

188 1938 192 1942 ⁴
284 1875 508 1939 Mortuo
534 1874 626 1941 qui
655 1874 825 1925 mittit
852 1890 1066 1935 munuS,
1094 1874 1168 1925 nil
1196 1876 1293 1928 dat
1319 1875 1411 1939 illi,
1437 1875 1542 1926 sibi
1569 1873 1779 1926 adimit.
1849 1894 1925 1936 355

78 1936 485 2026 V“Min1sss‘*'est
523 1978 690 2028 quam
729 1977 917 2011 servus
955 1961 1229 2024 dominuS‚
1266 1963 1359 2030 qui
1399 1979 1583 2014 servos
1622 1961 1795 2013 timet.

99 2065 150 2101 15
178 2047 361 2114 Magis
397 2046 541 2099 fidus
579 2046 736 2098 heres
775 2046 1020 2098 nascitur
1056 2063 1226 2114 quam
1265 2048 1533 2100 scribitur.

179 2195 256 2230 18.
312 2190 448 2231 lucere
480 2189 587 2242 ignis
616 2189 651 2228 F
653 2190 695 2228 Ψ
728 2189 798 2229 Gr.
834 2189 906 2229 Or.
962 2188 1067 2228 nihil
1096 2189 1131 2228 F
1160 2189 1267 2241 ignis
1294 2188 1430 2229 lucere
1456 2188 1620 2228 Nauck.
1676 2188 1760 2228 late
1793 2187 1930 2228 lucere

175 2245 279 2284 nihil
311 2251 356 2284 ut
388 2244 492 2283 nihil
525 2250 615 2283 urat
650 2249 788 2295 potest
821 2244 890 2296 Sp.
947 2242 1030 2282 late
1062 2242 1198 2283 lucere
1226 2249 1271 2282 ut
1303 2251 1394 2283 urat
1421 2242 1526 2282 nihil
1554 2242 1661 2295 ignis
1687 2248 1823 2295 potest
1851 2242 1928 2282 Bo.

177 2300 259 2339 late
277 2299 413 2339 lucere
432 2298 539 2351 ignis
556 2297 660 2337 nihil
679 2303 723 2337 ut
743 2303 835 2337 urat
854 2303 990 2349 potest
1010 2298 1086 2337 Bo.
1117 2298 1200 2337 Wo.
1256 2297 1339 2337 late
1364 2298 1500 2337 lucere
1519 2303 1565 2337 ut
1590 2302 1682 2336 urat
1700 2297 1805 2336 nihil
1823 2296 1930 2349 ignis

176 2359 313 2406 potest
351 2354 435 2393 Wo.
490 2352 574 2392 late
606 2351 712 2404 ignis
744 2351 880 2392 lucere
912 2359 958 2391 ut
990 2351 1094 2391 nihil
1126 2357 1218 2391 urat
1249 2364 1334 2391 non
1366 2357 1503 2404 potest
1536 2351 1686 2391 Nauck
1714 2351 1789 2391 Ri.
1844 2350 1928 2391 late

179 2433 316 2474 lucere
363 2414 407 2446 ut
427 2406 530 2446 nihil
548 2413 638 2446 urat
658 2406 717 2445 nil

364 2461 423 2500 nil
441 2467 485 2501 ut
505 2460 610 2500 nihil
627 2466 718 2500 urat

181 2515 211 2554 Z
234 2513 302 2567 (Τ)
322 2515 398 2555 has
417 2514 456 2555 6.
483 2515 544 2555 18.

261 2570 295 2607 Σ
325 2567 476 2620 (PRA)
503 2569 578 2609 has
611 2580 760 2620 1—323
790 2568 826 2609 C
851 2568 926 2607 has
957 2581 992 2608 1.
1017 2583 1055 2616 4.
1078 2569 1116 2607 8.
1144 2580 1184 2620 9.
1210 2581 1271 2608 12.
1304 2567 1365 2609 16.
1400 2579 1462 2619 17.
1491 2579 1552 2621 19.
1583 2580 1649 2608 20.
1678 2579 1744 2606 22.
1773 2580 1838 2619 23.
1861 2579 1926 2618 24.

182 2623 247 2662 28.
276 2634 340 2675 29.
369 2635 434 2674 3¹·
464 2634 501 2661 2.
529 2636 567 2675 3.
589 2636 627 2674 5.
652 2636 712 2662 11.
743 2635 805 2674 ¹3·
837 2635 899 2663 10.
916 2621 954 2662 6.
982 2634 1019 2673 7.
1049 2635 1113 2661 21.
1140 2636 1201 2672 14.
1223 2634 1287 2673 25.
1324 2632 1385 2671 15.
1416 2623 1476 2662 18.
1501 2620 1566 2662 26.
1589 2632 1654 2672 27.
1677 2634 1742 2673 32.
1766 2623 1831 2672 58.
1852 2631 1928 2671 543

182 2676 210 2716 S
231 2676 306 2716 has
330 2688 444 2727 1—3.
466 2689 612 2727 5—14.
644 2674 813 2717 16—18.
847 2690 911 2716 21.
940 2687 1004 2728 27.
1033 2687 1099 2729 29.
1129 2689 1193 2727 30.
1215 2688 1279 2727 32·
1312 2687 1373 2726 19.
1397 2689 1461 2717 20.
1491 2688 1555 2716 22.
1588 2688 1653 2725 24.
1682 2687 1746 2726 23.
1772 2688 1834 2727 15.
1855 2673 1927 2722 263

181 2730 214 2768 Z
238 2730 312 2770 has
337 2742 376 2783 9.
400 2743 464 2770 22.
485 2729 524 2770 6.
552 2744 612 2782 14.
643 2743 682 2781 3.
702 2746 741 2781 4.
774 2742 836 2782 15.
869 2729 930 2770 16.
962 2741 1025 2782 27.
1059 2742 1122 2771 20.
1150 2732 1209 2770 18.
1243 2741 1303 2783 19.
1333 2744 1398 2781 24.
1419 2740 1484 2779 25.
1512 2742 1576 2781 30.
1597 2732 1664 2771 28.
1688 2742 1752 2782 29.
1776 2742 1840 2780 32.
1866 2741 1928 2768 12.

186 2797 246 2824 10.
274 2797 296 2823 2
315 2798 326 2833 ;
355 2785 397 2823 Ψ
416 2783 540 2833 [from
560 2784 613 2834 Σ]
635 2784 702 2836 (F)
722 2784 798 2824 has
822 2798 965 2836 1—32.
1077 2789 1121 2823 ὅ.
1180 2785 1285 2823 mori
1305 2790 1366 2824 est
1385 2783 1517 2824 felicis
1537 2793 1635 2824 MSS.
1661 2784 1734 2823 Gr.
1760 2784 1832 2823 Or.
1852 2783 1929 2823 Bo.

192 2839 274 2877 Wo.
313 2838 386 2876 Ri.
420 2838 490 2890 Sp.
523 2839 615 2877 Mr.
671 2839 745 2879 but
778 2838 937 2878 felicius
970 2851 1085 2878 some
1119 2848 1216 2877 MSS·
1250 2837 1297 2878 of
1328 2838 1524 2878 Erasmus
1556 2838 1641 2878 and
1669 2837 1740 2878 the
1768 2837 1930 2889 Gryph.

180 2898 404 2943 antequam
431 2898 607 2932 mortem
635 2902 732 2932 MSS.
753 2894 919 2932 invoces
949 2893 1031 2932 RA
1059 2893 1130 2944 Sp.
1150 2893 1242 2932 Mr.
1298 2892 1455 2932 invocis
1485 2893 1517 2931 P
1546 2891 1708 2932 invocet
1737 2891 1804 2932 FS
1845 2891 1929 2930 Wo.

182 2945 378 2985 invocens
397 2945 557 2998 Gryph.
612 2959 722 2986 mors
742 2946 955 2986 invocetur
974 2946 1023 2987 C.
1173 2950 1254 2985 10.
1310 2946 1423 2986 venit
1442 2955 1540 2986 MSS.
1560 2945 1691 2986 tenuit
1710 2946 1786 2985 Fr.
1842 2958 1929 2997 reg·

183 3005 255 3039 nat
274 2999 347 3038 Ri.
402 3005 523 3039 vexat
541 3000 611 3039 Ri.
670 3000 814 3053 vigilat
836 3001 907 3040 Ri.
1111 3004 1188 3040 18.
1249 2999 1329 3040 sibi
1347 2999 1494 3039 adimit
1515 3009 1613 3039 MSS.
1644 3000 1728 3039 Wo.
1784 2998 1930 3039 adimit

184 3052 264 3093 sibi
281 3052 355 3092 Be.
375 3053 444 3093 Ri.
468 3054 537 3105 Sp.
559 3054 649 3093 Mr.
704 3066 748 3094 se
767 3054 933 3094 abdicat
952 3054 1028 3094 Fr.
1160 3059 1238 3094 16.
1298 3054 1430 3107 magis
1450 3063 1545 3094 MSS.
1570 3054 1642 3106 Sp.
1663 3054 1753 3093 Mr.
1809 3065 1931 3105 mage

765 2439 902 2485 potest
916 2433 987 2472 Ri.
1021 2432 1103 2473 late
1119 2433 1279 2473 elucere
1291 2432 1451 2485 insigne
1465 2438 1510 2473 ut
1524 2432 1584 2472 nil
1598 2438 1688 2472 urat
1704 2438 1838 2485 potest
1853 2433 1927 2471 Fr.
