2232 3522
647 279 918 320 PUBLILII
957 280 1093 321 SYRI
1135 280 1542 321 SENTENTIAE.
1906 284 1973 337 39

223 409 471 462 Stultitia
509 418 591 462 est
630 410 899 472 insectari,
936 426 1101 476 quem
1141 410 1197 462 di
1236 410 1486 478 diligunt.

144 511 199 548 40
223 496 323 550 Sat
362 514 564 565 magna
604 513 767 548 usura
805 504 888 548 est
926 513 1025 563 pro
1064 496 1333 549 beneficio
1373 499 1653 550 memoria.

157 565 358 637 “Sero
396 586 451 636 in
490 584 705 653 periclis
742 591 825 635 est
864 583 1153 635 consilium
1194 602 1469 652 quaerere.

151 669 195 720 Z
221 670 335 723 Sua
373 671 465 739 qui
504 679 684 723 servat
722 670 873 722 salva
912 686 1031 721 esse
1069 670 1187 722 vult
1225 673 1554 724 communia.

139 799 162 829 ὲ
185 755 368 809 *Satis
408 765 491 809 est
529 774 786 825 superare
824 756 1123 820 inimicum,
1162 757 1394 809 nimium
1435 767 1519 810 est
1559 759 1803 825 perdere.
1896 768 1974 821 675

221 844 494 912 Suspicax
534 845 751 896 animus
789 844 1036 896 omnium
1076 845 1307 896 damnat
1346 844 1528 897 fidem.

141 940 195 977 4⁵
220 930 472 998 Suspicio
511 931 756 999 probatis
793 930 964 982 tacita
1002 931 1200 982 iniuria
1239 938 1336 982 est.
1457 922 1461 928 ⁵

218 1016 473 1084 Superari
513 1035 546 1068 a
583 1018 859 1085 superiore
898 1033 1024 1083 pars
1064 1025 1146 1069 est
1183 1017 1403 1085 gloriae.

327 1103 646 1171 Supplicem
686 1104 968 1155 hominem
1010 1104 1333 1171 opprimere,
1370 1104 1542 1156 virtus
1585 1121 1694 1156 non
1735 1112 1833 1166 est,
1874 1105 1971 1156 sed

431 1189 738 1242 crudelitas,

217 1277 348 1331 Sine
386 1277 507 1345 lege
545 1294 726 1346 poena
763 1286 846 1329 est
885 1277 1054 1329 animi
1093 1277 1442 1329 conscientia.
1895 1288 1976 1329 680

218 1364 366 1418 Satis
405 1372 487 1416 est
526 1364 775 1427 disertuS‚
814 1380 844 1415 e
882 1381 991 1431 quo
1031 1364 1274 1432 loquitur
1310 1364 1525 1416 veritas
2025 1351 2028 1353 ’

134 1526 192 1577 Ψ
324 1529 667 1582 Thesaurum
711 1530 766 1582 in
812 1529 1063 1597 sepulcro
1114 1531 1286 1597 ponit,
1324 1531 1418 1597 qui
1470 1546 1658 1581 senem
1709 1530 1970 1582 heredem

432 1615 574 1668 facit.

213 1765 247 1791 5.
269 1752 573 1792 metuendumst
591 1766 633 1805 q.
654 1752 680 1793 i.
706 1766 745 1804 p.
771 1753 842 1805 Sp.
899 1766 930 1793 5.
955 1753 1222 1793 metuendum
1249 1759 1309 1792 est
1328 1766 1369 1805 q.
1394 1753 1420 1791 i.
1442 1765 1484 1805 p.
1506 1753 1578 1792 Fr.
1803 1756 1887 1791 89.
1937 1766 1970 1793 5.

215 1819 250 1847 e.
294 1807 321 1846 i.
361 1819 483 1858 quem
521 1807 657 1859 diligit
696 1807 744 1846 F.
793 1820 826 1847 5.
859 1820 892 1847 e.
932 1807 959 1846 i.
996 1821 1037 1860 q.
1066 1820 1209 1847 omnes
1241 1806 1419 1859 diligunt
1458 1807 1531 1847 Gr.
1570 1807 1642 1847 Or.
1675 1808 1751 1847 Bo.
1794 1807 1879 1846 Wo.
1938 1821 1970 1847 5.

213 1874 250 1900 e.
285 1861 312 1899 i.
348 1874 388 1913 q.
430 1861 474 1900 di
504 1861 682 1913 diligunt
718 1862 804 1901 Bu.
839 1861 911 1902 Ri.
946 1862 1003 1915 L.
1047 1861 1136 1901 and
1169 1863 1225 1900 A.
1260 1862 1429 1914 Spengel
1463 1862 1552 1900 Mr.
1589 1862 1660 1901 Fr.
1722 1874 1846 1913 quem
1881 1862 1973 1914 quis

212 1915 349 1968 diligit
386 1915 473 1967 Hg.
691 1920 778 1955 4ο.
835 1916 933 1956 satis
970 1930 1009 1955 α,
1067 1922 1146 1955 stat
1185 1929 1271 1955 απσ
1337 1922 1399 1955 sat
1443 1928 1594 1968 magna
1632 1922 1692 1956 est
1730 1928 1853 1955 usura
1892 1929 1969 1968 pro

214 1969 417 2010 beneficio
446 1970 644 2009 memoria
674 1970 721 2009 F.
779 1977 841 2010 sat
870 1983 926 2009 m.
955 1983 997 2010 u.
1031 1983 1066 2010 e.
1097 1983 1138 2023 p.
1168 1970 1210 2009 b.
1239 1983 1296 2009 m.
1322 1970 1492 2023 Ingolst.
1522 1970 1652 2010 editor
1680 1970 1753 2010 Gr.
1787 1970 1858 2010 Or.
1893 1971 1970 2010 Bo.

224 2024 309 2063 Wo.
347 2025 420 2063 Rz'.
459 2024 548 2063 Mr.
606 2024 704 2064 satis
741 2037 798 2063 m.
837 2031 997 2064 usurast
1035 2037 1076 2076 p.
1116 2025 1158 2063 b.
1198 2037 1254 2064 m.
1295 2025 1366 2076 Sp.
1423 2031 1486 2064 sat
1519 2037 1575 2063 m.
1610 2038 1653 2076 p.
1687 2025 1730 2063 b.
1765 2037 1808 2064 u.
1841 2038 1879 2064 e.
1911 2037 1968 2063 m.

213 2079 287 2117 Fr.
452 2082 536 2116 41..
592 2091 684 2118 sero
709 2086 771 2119 est
797 2078 840 2118 in
860 2079 1051 2131 perieulis
1070 2078 1287 2118 consilium
1308 2091 1503 2131 quaerere
1525 2079 1560 2118 F
1584 2079 1658 2118 Gr.
1685 2080 1757 2119 Or.
1815 2091 1848 2118 5.
1870 2092 1904 2119 e.
1931 2092 1969 2119 c.

213 2133 299 2172 tei.
324 2131 549 2184 periclisq.
569 2132 644 2173 Bo.
705 2146 736 2173 5.
762 2133 786 2172 i.
810 2133 974 2185 periclis
994 2146 1028 2173 e.
1054 2145 1090 2173 c.
1112 2145 1153 2184 q.
1175 2133 1383 2172 Desbillon
1403 2133 1473 2172 Ri.
1503 2133 1589 2173 Wo.
1637 2146 1670 2172 5.
1691 2146 1726 2173 c.
1751 2146 1788 2173 e.
1810 2133 1836 2173 i.
1863 2146 1902 2185 p.
1925 2146 1966 2186 q.

213 2187 284 2250 Sp.
306 2187 380 2226 Fr.
437 2186 557 2237 Ζ(Τ)
579 2186 653 2227 has
673 2200 739 2238 42·
772 2201 805 2227 1-
827 2201 891 2239 43·
916 2186 956 2227 6.
978 2199 1017 2240 9·
1040 2203 1102 2249 44.-
1130 2198 1194 2237 45-
1220 2186 1287 2237 46·
1308 2198 1375 2238 47·
1396 2189 1462 2237 48·
1485 2199 1550 2239 49·
1752 2191 1840 2225 42·
1898 2200 1972 2227 sua

213 2241 284 2293 qui
320 2246 455 2280 servat
487 2240 602 2280 salva
638 2241 726 2281 vult
765 2255 853 2282 esse
891 2241 1128 2281 communia
1161 2242 1199 2280 T
1272 2254 1346 2281 sua
1378 2241 1449 2293 qui
1488 2247 1702 2282 conservat
1735 2241 1850 2281 salva
1883 2242 1971 2281 volt

213 2295 450 2334 communia
477 2295 627 2347 Haupt
684 2309 758 2336 sua
786 2302 919 2336 servat
949 2309 989 2348 q.
1019 2295 1134 2335 salva
1161 2308 1249 2335 esse
1276 2309 1314 2336 v.
1346 2308 1382 2335 c.
1409 2295 1562 2335 Nauck
1635 2308 1709 2335 sua
1734 2296 1806 2348 qui
1834 2303 1970 2336 servat

211 2350 328 2389 salva
357 2362 393 2389 e.
428 2361 469 2388 v.
503 2362 540 2389 c.
584 2350 669 2389 Wo.
727 2363 846 2390 suum
883 2363 924 2402 q.
965 2356 1099 2390 servat
1137 2350 1251 2389 salva
1288 2363 1327 2389 v.
1366 2363 1403 2390 c.
1442 2351 1514 2390 Fr.
1632 2355 1718 2390 48.
1779 2350 1879 2390 satis
1909 2357 1970 2390 est

214 2403 426 2443 inimicum
446 2416 638 2454 superare
658 2404 695 2443 T
771 2418 802 2444 5.
825 2418 860 2445 e.
892 2405 1053 2444 hostem
1079 2416 1270 2456 superare
1301 2404 1418 2456 Casp.
1454 2404 1584 2444 Orelli
1649 2417 1680 2444 s.
1712 2416 1749 2444 e.
1777 2417 1971 2456 superare

213 2457 426 2497 inimicum
452 2458 603 2510 Haupt
637 2459 720 2498 Wo.
748 2460 837 2498 Mr.
900 2466 962 2498 sat
987 2471 1024 2498 e.
1053 2458 1080 2497 i.
1108 2458 1342 2510 opprimere
1368 2459 1438 2510 Sp.
1506 2464 1569 2498 sat
1595 2458 1759 2498 vincere
1779 2471 1814 2498 e.
1840 2458 1866 2499 i.
1891 2459 1965 2499 Fr.

213 2516 300 2550 44.
356 2511 546 2564 suspicax
565 2513 727 2553 animus
746 2513 931 2553 omnium
957 2513 1158 2565 dampnat
1185 2512 1310 2552 fidem
1339 2513 1376 2552 T
1444 2525 1476 2552 5.
1499 2525 1536 2552 a.
1558 2526 1598 2552 o.
1619 2513 1791 2552 damnat
1819 2512 1846 2553 f.
1884 2513 1968 2552 Wo.

212 2565 462 2618 suspiciosus
505 2579 544 2606 o.
583 2567 626 2606 d.
664 2566 693 2606 f.
734 2568 883 2607 Nauck
919 2567 1010 2607 Mr.
1073 2567 1261 2619 suspicax
1302 2567 1421 2606 unius
1467 2566 1629 2607 animus
1667 2580 1706 2607 o.
1745 2566 1787 2605 d.
1827 2566 1856 2606 f.
1895 2567 1969 2606 Fr.

214 2620 1608 2673 43.spt1eTWoRzSersprobatotieFr
1738 2620 1968 2660 47511

214 2686 253 2714 o.
291 2686 331 2712 v.
362 2685 403 2712 n.
437 2686 475 2714 e.
507 2688 539 2715 5.
573 2688 610 2716 c.
646 2676 684 2715 T
727 2676 811 2716 W'o.
843 2677 914 2715 Ri.
945 2676 1017 2727 Sp.
1054 2675 1143 2715 Mr.
1203 2688 1236 2714 5.
1269 2688 1353 2714 non
1386 2682 1448 2715 est
1481 2675 1716 2728 opprimere
1749 2675 1878 2714 virtus
1909 2682 1970 2715 est

212 2726 433 2767 erudelitas
451 2728 527 2768 Fr.
709 2734 798 2768 48.
855 2730 942 2770 sine
962 2730 1054 2782 lege
1073 2736 1211 2769 autem
1232 2742 1367 2781 poena
1387 2735 1448 2769 est
1468 2729 1718 2770 conscientia
1738 2730 1776 2769 T
1822 2743 1854 2769 s.
1877 2729 1905 2768 l.
1928 2742 1968 2782 p.

212 2795 251 2823 e.
286 2794 324 2820 a.
357 2794 392 2821 c.
423 2782 497 2822 Ri.
554 2784 680 2825 etiam
713 2797 746 2823 s.
780 2784 809 2823 1,
845 2797 885 2837 p.
918 2797 955 2824 e.
989 2797 1026 2824 c.
1061 2784 1179 2836 Casp.
1214 2784 1344 2823 Orelli
1398 2783 1698 2836 s.1.p0enast
1736 2782 1899 2823 sceleris
1932 2796 1969 2824 c.

216 2837 364 2890 Haupt
427 2849 461 2876 5.
482 2836 510 2876 1.
532 2851 574 2891 p.
595 2851 632 2878 e.
653 2837 835 2878 animic.
867 2839 951 2878 Wo.
1013 2851 1046 2878 s.
1069 2839 1096 2877 l.
1118 2844 1293 2890 mutap.
1315 2850 1351 2877 e.
1372 2851 1408 2877 c.
1437 2838 1514 2877 Fr.
1577 2837 1777 2878 Ohas6.
1811 2851 1872 2878 11.
1904 2850 1969 2877 21.

218 2905 282 2943 30.
311 2905 377 2941 41.
406 2904 471 2946 49.
703 2896 788 2930 49.
845 2893 943 2932 satis
968 2892 1154 2932 desertus
1180 2898 1239 2932 est
1266 2892 1319 2931 de
1347 2904 1430 2944 quo
1457 2891 1640 2944 loquitur
1667 2891 1820 2931 veritas
1840 2892 1877 2930 T
1935 2905 1968 2931 5.

214 2946 410 2986 disertust
436 2958 460 2986 e
485 2958 568 2997 quo
597 2946 625 2985 1.
653 2959 692 2983 v.
725 2946 843 2998 Casp.
877 2947 1008 2986 Orelli
1034 2947 1107 2986 Ri.
1176 2945 1275 2986 satis
1302 2951 1364 2986 est
1390 2946 1569 2986 disertus
1595 2959 1618 2985 e
1644 2959 1729 2998 quo
1756 2946 1784 2985 1.
1811 2959 1850 2984 ν.
1881 2946 1968 2985 Wo.

214 3006 278 3039 sat
298 3013 333 3039 e.
358 2999 535 3039 disertus
553 3012 674 3052 proq
648 3000 779 3051 quol.
800 3013 839 3039 v.
861 3001 950 3039 Mr.
1007 3000 1105 3040 satis
1123 3000 1275 3040 diserte
1294 3012 1370 3052 pro
1389 3000 1480 3040 sel.
1502 3013 1541 3039 v.
1563 3000 1637 3039 Fr.

297 3052 803 3105 =11[fr0mn](F)has1.
831 3067 866 3094 2.
889 3067 936 3106 33
980 3055 1179 3107 iphaS13
1221 3053 1404 3094 ἰι-11851.
1429 3067 1466 3094 2.
1535 3054 1564 3092 Ζ
1594 3051 1663 3105 (T)
1691 3053 1766 3093 has
1793 3066 1831 3094 2.
1859 3070 1897 3104 4.
1931 3066 1969 3105 5.
