2232 3522
612 279 881 319 PUBLILII
923 280 1060 320 SYRI
1101 279 1511 320 SENTENTIAE.
1900 284 1935 334 9

182 409 488 462 Consilium
528 409 581 459 in
622 409 864 460 adversis
903 410 1189 476 prudentis
1227 410 1531 461 remedium
1572 417 1668 462 est.

184 495 325 548 Cum
366 496 544 547 amico
583 495 835 562 ignosciS,
875 496 1046 563 gratis
1086 495 1268 563 plures
1307 512 1610 563 comparas,

291 581 668 634 Contubernia
712 589 841 632 sunt
885 581 1248 643 lacrimarum,
1286 582 1380 633 ubi
1428 582 1734 633 misericors
1774 581 1933 632 mise-

398 684 515 718 rum
555 667 762 734 aspicit.
1860 686 1936 729 140

104 752 158 804 Ο
186 752 392 805 Crebro
431 753 767 820 ignoscendo
807 752 973 804 facies
1011 754 1082 805 de
1120 753 1291 805 stulto
1330 754 1660 822 improbum.

106 850 161 887 46
185 835 294 886 Cui
332 837 467 899 plus
503 835 644 885 licet
682 850 862 899 quarn
901 851 1008 898 par
1043 843 1155 895 est,
1195 837 1331 900 plus
1369 836 1498 887 vult
1537 852 1716 900 quarn
1755 837 1916 887 licet.

0 991 108 1069 V
112 1002 155 1062 Σ
183 1004 502 1071 Discipulus
541 1012 624 1056 est
662 1005 855 1071 prioris
893 1004 1164 1071 posterior
1201 1004 1332 1056 dies,

182 1091 465 1142 Damnare
504 1098 587 1142 est
626 1091 929 1158 obiurgare,
970 1107 1095 1142 cum
1136 1090 1348 1142 auxilio
1387 1098 1471 1142 est
1510 1108 1664 1158 opus,

92 1167 157 1237 ts
181 1175 292 1227 Diu
332 1176 713 1243 apparandum
753 1183 836 1227 est
874 1176 1095 1237 bellurn,
1135 1184 1196 1253 u—t
1233 1177 1420 1227 vincas
1459 1176 1700 1229 celeriuS.
1860 1201 1932 1239 145
1983 1223 1986 1225 ,

290 1262 514 1314 Dixeris
560 1261 854 1314 maledicta
899 1269 1113 1324 cuncta,
1152 1279 1278 1313 cum
1324 1263 1602 1330 ingratum
1648 1263 1932 1315 hominem

394 1349 613 1401 dixeris

128 1450 157 1486 5
180 1436 268 1487 De
307 1436 528 1487 inimico
567 1452 678 1487 non
717 1435 957 1503 loquaris
997 1434 1154 1496 male,
1193 1435 1291 1486 sed
1330 1436 1552 1503 cogites.

179 1522 499 1575 Deliberare
537 1522 694 1574 utilia
733 1539 888 1574 mora
925 1522 1202 1573 tutissima
1240 1530 1336 1574 est.

179 1607 354 1660 Dolor
391 1610 670 1670 decrescit,
710 1609 802 1660 ubi
842 1626 952 1676 quo
991 1617 1202 1660 crescat
1240 1626 1350 1660 non
1390 1608 1571 1661 habet.

176 1791 373 1845 quicquid
392 1791 499 1831 celat
519 1794 704 1844 superior
723 1792 795 1831 Fr.
973 1795 1044 1830 42
1104 1791 1335 1831 Consilium
1355 1791 1398 1830 in
1418 1791 1600 1831 adversis
1621 1792 1851 1832 medicinae
1871 1806 1932 1833 re·

175 1846 359 1886 medium
385 1846 599 1898 prudentis
625 1852 686 1886 est
708 1846 795 1884 MT
822 1845 872 1886 C.
903 1845 1055 1885 medici
1075 1846 1303 1885 remedium
1322 1858 1383 1898 pr.
1408 1853 1470 1885 est
1488 1846 1641 1897 Haupt
1659 1846 1707 1887 C.
1732 1846 1775 1886 in
1795 1847 1932 1888 dubiis

175 1901 266 1940 Mr.
307 1901 358 1940 C.
396 1900 439 1940 in
478 1900 658 1940 adversis
706 1900 788 1940 Wo.
832 1900 904 1940 Ri.
944 1900 994 1940 C.
1034 1900 1215 1952 prudens
1252 1899 1434 1939 adversis
1479 1906 1541 1939 est
1588 1900 1815 1941 remedium
1854 1903 1930 1941 Fr.

174 1959 260 1995 48.
321 1967 414 1994 cum
440 1954 610 1994 inimico
636 1954 815 2006 ignoscis
842 1954 929 1993 MT
955 1954 1110 1994 amicos
1135 1953 1262 2005 gratis
1288 1953 1522 2016 complures
1549 1954 1732 2006 adquiris
1761 1956 1807 1995 M
1837 1968 1931 1995 curn

174 2008 342 2048 inimico
368 2008 546 2061 ignoscis
572 2008 727 2047 amicos
751 2008 878 2060 gratis
904 2021 1121 2060 comparas
1140 2008 1292 2060 Haupt
1317 2007 1366 2047 C.
1388 2007 1414 2047 i.
1439 2008 1468 2047 i.
1488 2021 1526 2047 a
1547 2015 1686 2060 gratos
1705 2022 1742 2048 c.
1774 2010 1857 2049 Wo.
1879 2010 1926 2051 C.

173 2062 352 2116 ignoscis
367 2063 437 2102 uni
456 2068 594 2115 gratos
613 2063 845 2115 complures
863 2062 963 2102 facis
978 2063 1064 2102 Bu.
1079 2062 1152 2101 Ri.
1169 2061 1217 2102 C.
1239 2061 1408 2102 inimico
1427 2061 1606 2114 ignoscis
1625 2063 1733 2103 ultro
1751 2063 1931 2103 amicum

171 2130 389 2170 comparas
418 2118 489 2168 Sp.
522 2116 629 2157 Cum
664 2117 843 2168 ignoscis
876 2117 1044 2156 inimico
1078 2117 1234 2156 amicos
1271 2117 1397 2168 gratis
1429 2116 1662 2180 complures
1690 2131 1811 2180 paras
1838 2119 1930 2157 Mr.

175 2172 282 2212 Cum
301 2171 435 2211 amico
454 2171 634 2224 ignoscis
663 2171 734 2210 uni
763 2170 901 2223 plures
926 2183 1142 2233 compares
1169 2171 1242 2210 Fr.
1304 2170 1411 2210 Cum
1437 2170 1574 2210 amico
1600 2171 1779 2223 ignoscis
1803 2173 1932 2225 gratis

173 2225 311 2278 plures
329 2238 546 2278 comparas
558 2226 577 2265 Ρ
757 2230 844 2263 44.
902 2225 1134 2264 misericors
1154 2224 1355 2276 conspicit
1375 2224 1570 2265 miserum
1591 2225 1679 2265 MT
1699 2226 1930 2266 misericors

173 2279 367 2320 miserum
399 2279 576 2332 adspicit
607 2280 756 2332 Haupt
782 2280 872 2318 Mr.
903 2286 1061 2332 spectat
1095 2279 1287 2318 miserum
1320 2278 1552 2319 misericors
1582 2280 1656 2320 Fr.
1717 2281 1750 2319 Ο
1784 2281 1859 2320 has
1889 2294 1925 2321 2.

173 2346 328 2429 2151312
343 2346 440 2428 §gs
583 2339 668 2372 45.
724 2333 849 2373 facies
869 2334 907 2374 O
929 2335 1019 2373 Mr.
1042 2333 1166 2373 facias
1186 2334 1276 2372 Mr.
1298 2333 1373 2372 Fr.
1547 2338 1633 2372 46.
1665 2334 1854 2375 Omitted
1874 2336 1930 2387 by

254 2443 288 2481 Σ
319 2440 507 2494 (PBRA)
537 2441 613 2482 has
646 2441 798 2488 1—16;
833 2442 868 2482 C
898 2442 972 2481 has
1003 2455 1036 2481 1.
1058 2454 1098 2495 9.
1119 2452 1157 2491 5.
1185 2454 1218 2492 3.
1242 2454 1278 2481 2.
1303 2453 1341 2481 2.
1361 2439 1399 2481 6.
1430 2452 1490 2482 ιο.
1519 2451 1556 2492 7.
1583 2442 1824 2493 11—14;S
1853 2443 1928 2483 has

173 2496 400 2542 1—16,Z
430 2496 504 2536 has
538 2510 571 2537 1.
604 2509 642 2548 3.
677 2508 738 2536 10.
769 2509 806 2548 5.
842 2509 902 2549 13.
933 2508 970 2548 9.
1009 2507 1046 2547 7.
1079 2509 1140 2546 14.
1168 2494 1207 2535 6.
1264 2494 1456 2545 =11[fr0m
1491 2496 1543 2545 Σ]
1572 2494 1639 2547 (F)
1670 2496 1745 2536 has
1784 2496 1925 2537 1—16.

172 2555 221 2590 4.
272 2550 342 2590 alii
363 2563 456 2590 cum
474 2550 681 2603 ingratum
700 2550 882 2589 hominis
902 2550 1055 2590 dixeris
1073 2549 1143 2588 alii
1163 2556 1311 2589 cuncta
1331 2548 1401 2588 alii
1420 2548 1634 2589 hominem
1655 2551 1728 2591 Pb.
1781 2559 1930 2591 cuncta

175 2605 209 2643 B
227 2605 402 2645 omitted
421 2605 477 2667 by
497 2604 725 2645 PaRAFS.
772 2604 879 2644 dixis
900 2604 1010 2644 mala
1028 2611 1177 2644 cuncta
1196 2604 1266 2655 Sp.
1315 2603 1467 2643 dixeris
1488 2604 1699 2644 maledicti
1718 2605 1928 2645 cumulum

168 2671 266 2698 cum
285 2659 435 2711 ingrati
454 2659 634 2699 hominis
652 2658 803 2698 dixeris
824 2659 897 2698 Fr.
984 2675 986 2677 ·
1110 2663 1153 2697 5.
1215 2670 1299 2697 non
1320 2657 1432 2698 LEC
1454 2658 1525 2709 Sp.
1547 2659 1635 2698 Mr.
1661 2672 1714 2698 ne
1732 2660 1814 2698 Er.
1841 2660 1925 2699 Wo-

172 2713 353 2765 loquan's
382 2713 497 2752 BAF
536 2714 624 2753 Wo.
654 2714 722 2765 Sp.
758 2713 847 2753 Mr.
877 2713 1067 2766 loquares
1098 2713 1129 2751 P
1159 2711 1338 2764 loqueris
1367 2711 1406 2750 R
1439 2711 1608 2764 loquere
1644 2713 1720 2754 HS
1754 2713 1924 2766 loquare

175 2768 264 2806 Mr.
285 2766 372 2806 noli
391 2766 551 2820 loquier
568 2767 643 2807 Fr.
821 2771 868 2806 ’1.
925 2766 1038 2819 quod
1059 2765 1215 2805 PRBA
1234 2766 1306 2818 Sp.
1327 2778 1410 2818 quo
1433 2766 1622 2806 HFCSZ
1642 2773 1721 2807 etc.
1746 2767 1817 2808 Gr.
1848 2768 1921 2807 Or.

254 2979 338 3014 48.
396 2974 562 3025 Quoted
591 2975 646 3027 by
666 2974 826 3015 Gellius
858 2988 917 3026 17.
948 2987 995 3023 14
1021 2973 1104 3012 and
1135 2971 1386 3020 Macrobius,
1416 2972 1506 3011 Sat.
1529 2984 1565 3012 2.
1594 2984 1637 3024 7;
1667 2971 1842 3012 omitted
1871 2972 1927 3024 by

175 3042 383 3083 Publilian
404 3052 500 3083 MSS.

1976 1152 2005 1207 f
2076 1217 2084 1223 ,
