2232 3522
317 237 386 288 34
576 283 579 286 ¹
743 232 1011 273 PUBLILH
1051 231 1188 272 svm
1229 231 1637 271 SENTENTIAE.

315 363 429 432 *Qui
468 371 599 431 pote
638 361 929 414 transferre
968 377 1230 422 amorem,
1268 369 1399 427 pote
1437 361 1727 426 deponere.

204 423 319 522 μ(
321 449 430 517 Qui
470 449 665 516 culpae
704 448 940 515 ignoscit
979 448 1086 509 uni,
1124 447 1322 498 suadet
1360 446 1618 513 pluribus.

320 537 487 604 Quod
528 535 789 602 improbis
829 534 1056 601 eripitur
1093 534 1331 585 donatur
1369 534 1569 601 probis.

321 622 430 689 Qui
470 622 572 672 sibi
613 638 723 672 non
764 621 913 683 vivit,
955 619 1076 670 aliis
1115 620 1312 670 merito
1352 627 1435 670 est
1475 626 1736 670 mortuus,
1994 631 2076 682 580

320 708 598 776 Quicquid
639 706 699 757 fit
738 723 862 757 curn
901 705 1119 766 virtute,
1158 704 1218 756 fit
1257 722 1382 756 cum
1421 705 1608 772 gloria.

320 796 430 863 Qui
469 801 761 861 exspectat
799 799 859 843 ut
898 800 1133 859 rogetur,
1171 792 1411 843 officium
1452 792 1608 843 levat.

10 860 308 963 -N‘fi
322 880 432 948 Qui
471 881 630 932 timet
669 880 924 940 amicum,
962 878 1074 928 vim
1115 895 1225 929 non
1265 880 1420 930 novit
1458 878 1709 929 nominis.

321 970 430 1037 Qui
471 985 581 1019 non
621 974 806 1034 potest
844 965 1022 1016 celare
1061 966 1271 1027 vitium,
1310 982 1419 1016 non
1460 965 1604 1016 facit.

226 1048 431 1122 gsQui
470 1070 663 1105 omnes
702 1052 928 1103 insidias
968 1053 1142 1114 timet,
1181 1053 1236 1103 in
1277 1051 1457 1103 nullas
1495 1051 1701 1102 incidit.
1994 1064 2071 1114 585

320 1143 504 1210 Quam
545 1140 722 1191 malus
760 1147 858 1201 est,
895 1139 1115 1207 culpam
1156 1140 1250 1206 qui
1289 1156 1445 1190 suam
1485 1138 1708 1189 alterius
1747 1137 1908 1190 facit!
1958 1172 1964 1186 .

320 1231 430 1299 Qui
470 1230 632 1280 docte
670 1228 848 1287 servit,
887 1235 1102 1293 partem
1141 1227 1458 1278 dominatus
1497 1233 1662 1278 tenet.

243 1331 295 1367 45
321 1317 430 1384 Qui
470 1334 528 1367 se
566 1316 746 1382 ipsum
786 1314 991 1375 laudat,
1029 1314 1138 1366 cito
1177 1315 1473 1365 derisorem
1515 1314 1734 1365 invenit.

320 1403 504 1471 Quam
545 1403 803 1453 miserum
844 1408 942 1461 est,
979 1400 1122 1451 bene
1159 1400 1309 1467 quod
1349 1399 1539 1451 feceris
1579 1400 1784 1451 factum
1810 1399 2010 1466 queri!

237 1491 286 1561 γ’
321 1488 507 1555 Quam
546 1495 628 1538 est
668 1486 802 1538 felix
842 1487 969 1549 vita,
1008 1503 1151 1554 quae
1190 1487 1308 1537 sine
1345 1487 1486 1538 odiis
1524 1486 1755 1537 transiit.
1831 1525 1836 1528 .
1996 1508 2078 1550 590

321 1573 599 1641 Quicquid
639 1573 883 1625 futurum
923 1581 1006 1624 est
1045 1590 1339 1635 summum,
1378 1574 1449 1625 ab
1489 1574 1601 1625 imo
1639 1573 1892 1624 nascitur.

321 1661 506 1728 Quam
546 1661 805 1711 miserum
846 1667 943 1720 est,
982 1659 1075 1710 ubi
1115 1659 1403 1711 consilium
1442 1677 1570 1711 casu
1609 1660 1874 1711 vincitur!

244 1766 297 1802 ω
322 1748 602 1815 Quicquid
641 1747 861 1799 fortuna
899 1754 1148 1807 exornat,
1188 1748 1299 1798 cito
1337 1749 1720 1799 contemnitur.

322 1836 599 1903 Quicquid
639 1834 763 1902 plus
802 1851 970 1902 quam
1010 1851 1231 1886 necesse
1270 1842 1352 1886 est
1391 1834 1689 1901 possideaS,
1728 1834 1940 1901 premit.

323 1922 433 1988 Qui
473 1930 603 1990 pote
642 1939 840 1973 nocere
878 1921 1117 1982 timetur,
1156 1938 1281 1972 cum
1321 1922 1489 1973 etiam
1530 1939 1641 1973 non
1680 1923 1850 1973 adest.
1997 1943 2074 1986 595

323 2032 457 2085 litigat
495 2033 567 2085 Sp.
776 2037 860 2071 34.
918 2032 989 2084 qui
1027 2037 1126 2083 pote
1163 2030 1380 2072 transferre
1417 2045 1600 2072 amorem
1639 2033 1674 2072 F
1717 2033 1790 2073 Gr.
1828 2038 1896 2072 etc.
1953 2045 1994 2084 q.
2033 2045 2074 2071 a.

324 2100 365 2139 p.
402 2094 431 2126 t.
464 2088 539 2125 Fr.
721 2091 802 2125 85.
860 2087 931 2138 qui
965 2086 1036 2126 uni
1069 2085 1216 2138 culpae
1244 2086 1419 2136 ignoscit
1452 2087 1486 2126 F
1541 2087 1612 2139 qui
1645 2100 1681 2127 c.
1716 2087 1743 2126 i.
1778 2087 1850 2126 uni
1887 2087 1959 2126 Gr.
1999 2086 2072 2126 Or.

334 2142 418 2180 Wo.
455 2142 526 2193 Sp.
561 2141 652 2180 Mr.
721 2141 791 2193 qui
816 2140 980 2192 culpam
1007 2141 1035 2179 i.
1064 2140 1136 2179 uni
1164 2141 1240 2180 Bo.
1315 2153 1357 2192 q.
1387 2141 1507 2180 unius
1535 2141 1681 2193 culpae
1709 2141 1736 2179 i.
1772 2142 1846 2181 Ri.
1903 2139 1973 2192 qui
2004 2140 2075 2180 uni

325 2195 390 2234 cui
429 2195 594 2247 culpam
632 2195 660 2233 i.
695 2196 771 2234 Fr.
964 2199 1048 2233 86.
1105 2194 1302 2246 quicquid
1339 2195 1538 2246 improbis
1571 2195 1741 2247 eripitur
1777 2195 1898 2234 datur
1934 2194 2077 2246 probis

327 2250 361 2288 F
418 2262 458 2301 q.
489 2261 531 2300 p.
563 2262 599 2288 e.
634 2248 661 2287 i.
694 2249 735 2288 d.
776 2249 859 2287 Wo.
917 2261 958 2301 q.
986 2249 1014 2287 i.
1042 2248 1233 2287 tribuitur
1260 2261 1296 2288 e.
1327 2262 1368 2301 p.
1397 2249 1548 2288 Nauck
1601 2262 1642 2301 q.
1672 2249 1699 2288 i.
1723 2249 1902 2288 donatur
1926 2247 2075 2288 iniuste

326 2317 362 2342 e.
392 2316 432 2355 p.
462 2302 534 2342 Ri.
597 2315 637 2354 q.
665 2303 707 2341 d.
736 2316 777 2355 p.
805 2316 841 2342 e.
869 2302 896 2341 i.
924 2303 996 2354 Sp.
1061 2302 1174 2354 quod
1200 2302 1227 2342 i.
1258 2315 1295 2342 e.
1321 2303 1498 2342 donatur
1523 2316 1565 2355 p.
1588 2304 1679 2342 Mr.
1726 2316 1768 2354 q.
1793 2316 1834 2355 p.
1865 2302 1926 2341 vis
1953 2302 2075 2354 eripit

325 2357 398 2396 dat
436 2357 463 2395 i.
503 2357 579 2395 Fr.
618 2357 705 2408 Hg.
916 2361 1000 2396 8¹7.
1057 2356 1137 2395 sibi
1170 2369 1254 2395 non
1288 2356 1390 2396 vivit
1424 2356 1459 2395 F
1503 2358 1575 2396 Gr.
1619 2357 1691 2396 Or.
1731 2357 1807 2396 Bo.
1856 2357 1941 2395 Wo.
1980 2357 2071 2395 Mr.

326 2412 401 2449 Fr.
477 2423 509 2449 s.
547 2410 718 2450 minime
757 2424 795 2449 v.
835 2410 872 2449 T
947 2410 1113 2450 sibimet
1156 2410 1271 2450 vivit·
1294 2411 1367 2450 Ri.
1415 2412 1485 2462 Sp.
1560 2410 1639 2450 sibi
1686 2410 1812 2450 modo
1857 2410 1958 2450 vivit
1995 2411 2074 2450 Bo.

326 2469 409 2502 41.
467 2470 602 2516 potest
623 2465 657 2503 F
713 2471 810 2517 pote
834 2465 905 2504 Gr.
926 2470 994 2504 etc.
1051 2464 1184 2504 celare
1207 2464 1353 2504 vitium
1379 2477 1463 2504 non
1486 2464 1583 2504 facit
1610 2465 1645 2503 F
1691 2477 1727 2504 c.
1757 2465 1902 2504 vitium
1928 2464 2073 2504 vitium

326 2531 410 2557 non
430 2517 527 2558 facit
551 2519 623 2558 Gr.
650 2519 722 2558 Or.
743 2519 818 2558 Bo.
850 2519 934 2557 Wo.
956 2519 1032 2557 Fr.
1080 2531 1121 2570 q.
1135 2531 1219 2557 non
1232 2525 1367 2571 potest
1381 2531 1418 2558 c.
1434 2532 1474 2558 v.
1488 2531 1529 2557 n.
1550 2518 1577 2557 f.
1601 2519 1689 2557 Mr.
1732 2531 1773 2571 q.
1794 2532 1836 2571 p.
1858 2531 1893 2558 c.
1914 2532 1953 2557 v.
1975 2532 2013 2558 v.
2030 2531 2073 2558 n.

326 2572 430 2624 sugit
448 2573 521 2611 Ri.
578 2572 649 2624 qui
669 2572 754 2611 vim
772 2578 908 2624 potest
928 2571 1062 2612 celare
1081 2572 1226 2611 vitium
1244 2585 1329 2612 non
1348 2572 1476 2612 facit?
1583 2577 1666 2611 4⁵.
1722 2585 1766 2612 se
1784 2573 1920 2625 ipsum
1941 2573 1976 2612 F
2000 2573 2074 2614 Gr.

326 2628 397 2678 Sp.
454 2639 498 2665 se
517 2626 605 2678 ipse
624 2627 696 2665 Be.
722 2626 794 2665 Or.
814 2626 890 2666 Bo.
921 2626 1005 2665 Wo.
1026 2626 1099 2666 Ri.
1119 2627 1194 2666 Fr.
1357 2631 1443 2664 4¹7.
1499 2639 1624 2678 quam
1651 2632 1710 2666 est
1735 2626 1833 2666 felix
1860 2626 1944 2666 vita
1969 2640 2075 2679 quae

326 2681 414 2719 sine
440 2680 617 2731 negotiis
643 2680 787 2720 transit
815 2680 849 2718 F
876 2680 919 2718 Ψ
940 2680 1013 2719 Ri.
1071 2693 1111 2732 q.
1140 2680 1167 2719 s.
1194 2693 1234 2719 v.
1263 2692 1303 2732 q.
1331 2692 1363 2719 s.
1384 2693 1426 2719 n.
1448 2680 1608 2720 transiit
1632 2682 1704 2721 Gr.
1730 2681 1802 2720 Or.
1859 2694 1900 2733 q.
1922 2680 1950 2719 f.
1971 2694 2010 2719 v.
2032 2694 2074 2733 q.

326 2734 429 2773 abiit
455 2746 486 2772 s.
515 2747 556 2772 n.
580 2734 656 2773 Bo.
728 2746 769 2785 q.
798 2733 826 2772 f.
854 2747 893 2772 v.
922 2733 1065 2773 transit
1092 2747 1125 2773 s.
1147 2747 1188 2773 n.
1219 2734 1303 2774 Wo.
1324 2734 1397 2773 Ri.
1418 2735 1489 2786 Sp.
1558 2747 1600 2787 q.
1622 2747 1658 2774 e.
1681 2735 1707 2773 f.
1729 2748 1768 2774 v.
1790 2747 1831 2787 q.
1852 2735 1940 2774 sine
1968 2735 2079 2775 odiis

327 2787 487 2827 transiit
507 2787 596 2826 Mr.
727 2791 811 2826 50.
869 2795 1038 2827 exornat
1060 2788 1094 2827 F
1118 2788 1190 2827 Gr.
1211 2794 1277 2827 etc.
1334 2788 1502 2828 decorat
1520 2789 1595 2827 Fr.
1721 2793 1799 2827 31.
1857 2788 2076 2841 possidetis

328 2842 362 2880 F
418 2841 629 2893 possideas
672 2841 756 2880 Wo.
788 2841 859 2892 Sp.
894 2842 983 2880 Mr.
1046 2841 1223 2893 praesidi
1255 2848 1315 2881 est
1346 2843 1422 2880 Fr.
1469 2855 1510 2895 q.
1546 2848 1607 2882 est
1640 2855 1682 2894 p.
1718 2855 1843 2894 quam
1870 2856 1911 2882 n.
1946 2843 2074 2895 possi-

325 2896 470 2935 dentes
497 2895 691 2947 deprimit
723 2895 795 2934 Gr.
828 2895 899 2934 Or.
926 2895 1002 2935 Bo.
1069 2908 1111 2947 q.
1142 2909 1183 2948 p.
1210 2908 1246 2935 e.
1277 2896 1401 2947 quain
1429 2909 1470 2934 n.
1500 2896 1749 2948 possidentis
1777 2897 1975 2948 opprimit
2003 2897 2075 2936 Ri.

326 2953 409 2988 52.
467 2955 603 3001 potest
635 2949 668 2988 F
699 2955 795 3001 pote
823 2949 992 3001 Ingolst.
1022 2949 1154 2988 editor
1189 2950 1273 2988 Wo.
1302 2950 1392 2989 ,Mr-
1449 2962 1533 2989 non
1561 2950 1677 2990 adest
1708 2950 1742 2989 F
1773 2951 1847 2991 Gr.
1882 2951 1953 2991 Or.
1991 2951 2075 2990 Wo.
