2232 3522
356 259 423 324 36
780 270 1050 312 PUBL1L11
1091 271 1231 312 svm
1271 270 1683 312 SENTENTIAE.

356 400 465 468 Qui
504 401 870 452 dormientem
910 409 1084 460 necat,
1125 401 1412 453 absentem
1453 401 1741 453 ulciscitur.

284 497 333 533 72
357 485 522 553 Quod
562 494 646 537 est
684 494 989 548 venturum,
1027 487 1246 554 sapiens
1284 488 1442 555 quasi
1481 503 1740 554 praesens
1780 494 1951 541 cavet.
2027 500 2106 552 615

282 581 331 633 O

275 727 333 777 Ψ

309 1086 334 1121 5

244 1510 335 1569 110

288 1943 337 1979 15

294 2017 336 2067 Z

360 573 540 641 Quem
580 573 778 640 diligis,
817 574 872 624 ni
913 582 1058 626 recte
1099 590 1341 633 moneaS‚
1382 574 1577 625 oderis,

468 719 722 778 Ratione,
762 734 871 768 non
911 717 966 768 vi
1004 717 1277 768 vincenda
1314 716 1690 769 adolescentia
1729 727 1827 770 est.

357 805 460 856 Rei
501 803 633 855 nulli
673 805 898 870 prodest
936 820 1091 854 mora
1130 803 1232 854 nisi
1271 803 1600 855 iracundiae.

359 894 508 943 Reus
547 891 809 941 innocens
848 888 1140 951 fortunam,
1183 906 1293 940 non
1333 898 1534 941 testem
1575 889 1749 941 timet.

359 981 567 1031 Rarum
606 994 725 1028 esse
764 984 999 1043 oportet,
1037 977 1185 1044 quod
1226 976 1320 1027 diu
1360 991 1548 1026 carum
1587 975 1735 1028 veliS.
2032 987 2114 1029 620

360 1068 578 1133 Rapere
616 1071 698 1115 est
737 1064 985 1130 accipere
1023 1081 1123 1115 usu
1162 1063 1312 1130 quod
1352 1063 1528 1129 possis
1567 1063 1808 1129 perdere.

361 1153 582 1219 Regnat
620 1168 731 1202 non
771 1150 1014 1218 loquitur
1051 1150 1144 1218 qui
1186 1150 1262 1201 nil
1302 1150 1406 1200 nisi
1445 1151 1595 1217 quod
1635 1150 1754 1202 vult
1793 1151 1935 1204 facit.

359 1238 715 1290 Rivalitatem
756 1253 868 1287 non
907 1244 1058 1288 amat
1094 1236 1337 1288 victoria.

359 1326 639 1377 Ruborem
678 1324 858 1375 amico
897 1331 1160 1376 excutere
1198 1324 1437 1374 amicum
1479 1331 1562 1374 est
1602 1324 1844 1390 perdere.

361 1413 488 1463 Rex
527 1428 645 1463 esse
683 1409 872 1471 nolim,
911 1418 973 1462 ut
1011 1427 1130 1462 esse
1168 1411 1403 1462 crudelis
1442 1410 1620 1463 velim.
2035 1423 2113 1476 625

361 1499 472 1549 Res
511 1505 720 1565 quanto
759 1505 842 1548 est
882 1498 1069 1559 maior,
1108 1504 1267 1548 tanto
1306 1505 1390 1548 est
1429 1498 1753 1550 insidiosior.

362 1585 604 1652 Roganti
646 1582 840 1634 melius
879 1600 1047 1651 quam
1089 1583 1381 1651 imperanti
1421 1600 1627 1650 pareas

362 1671 656 1739 Respicere
695 1670 769 1721 nil
809 1671 1095 1722 consuevit
1134 1670 1431 1723 iracundia.

362 1758 579 1825 Rapere
619 1765 717 1819 est,
755 1774 866 1808 non
905 1765 1107 1824 petere,
1146 1758 1410 1826 quicquid
1451 1759 1624 1810 invito
1663 1758 1893 1812 auferas,

363 1844 695 1896 Remedium
735 1844 882 1895 fraus
921 1851 1005 1895 est
1043 1851 1234 1895 contra
1273 1844 1478 1896 flumen
1517 1861 1790 1912 quaerere.
2037 1856 2118 1910 630

363 1931 583 1998 Rogare
621 1930 861 1981 officium
901 1931 1132 1981 servitus
1170 1932 1588 1997 quodammodo
1627 1938 1723 1982 est.

365 2016 572 2068 Reddit
611 2032 720 2067 non
760 2015 953 2083 perdit,
992 2017 1092 2077 cui,
1132 2017 1281 2083 quod
1322 2016 1562 2068 alienum
1602 2024 1700 2078 est,
1738 2017 1890 2084 perit.

363 2124 450 2176 ipse
468 2137 506 2163 a.
531 2136 625 2163 eum
644 2123 748 2163 alius
767 2137 851 2163 non
870 2130 1007 2176 potest
1028 2125 1098 2163 Ri.
1156 2137 1198 2176 q.
1220 2137 1263 2164 se
1282 2137 1319 2164 a.
1345 2124 1435 2176 ipse
1461 2125 1514 2163 ab
1540 2124 1623 2164 alio
1650 2137 1735 2164 non
1761 2130 1859 2176 pote
1885 2125 2114 2164 accusarier

363 2179 437 2217 Fr.
567 2182 647 2216 71.
703 2190 851 2218 necare
869 2178 1012 2217 nititur
1031 2178 1069 2216 T
1115 2184 1234 2218 necat
1254 2179 1402 2231 IIaupt
1428 2179 1512 2218 Wo.
1534 2179 1623 2218 Mr.
1645 2179 1720 2217 Fr.
1857 2181 1940 2217 72.
1997 2179 2115 2230 quasi

363 2232 401 2270 T
430 2233 514 2271 Wo.
535 2233 610 2270 Fr.
658 2237 703 2271 ut
721 2232 811 2271 Mr.
929 2233 962 2272 Ο
982 2232 1057 2272 has
1077 2245 1142 2286 49.
1167 2243 1230 2283 72.
1254 2242 1318 2284 73.
1432 2237 1515 2271 ¹78.
1568 2231 1707 2284 diligis
1725 2231 1759 2271 si
1778 2244 1863 2271 non
1883 2233 1921 2271 T
1966 2232 2116 2285 diligas

363 2287 406 2325 ni
426 2287 514 2325 Mr.
571 2286 709 2337 diligis
727 2286 807 2325 nisi
826 2286 900 2325 Fr.

445 2339 631 2390 ³11[from
653 2340 710 2389 11]
732 2340 799 2391 (F)
819 2340 894 2379 has
919 2352 1070 2401 1—i53
1100 2339 1285 2391 tphas7.
1307 2342 1345 2380 8.
1372 2353 1432 2391 13.
1459 2352 1502 2391 53
1533 2339 1717 2379 ¹trhas1.
1736 2351 1773 2378 2.
1953 2343 2000 2378 2.
2058 2341 2117 2380 rei

364 2394 467 2433 nulli
489 2394 523 2432 F
543 2408 574 2432 π
594 2394 747 2433 editors
766 2400 913 2446 except
933 2407 976 2433 re
995 2394 1037 2432 in
1056 2393 1170 2433 nulla
1188 2395 1262 2433 Fr.
1366 2399 1411 2432 5.
1459 2406 1603 2446 rapere
1621 2401 1683 2433 est
1702 2393 1888 2445 accipere
1908 2394 2019 2445 quod
2040 2407 2115 2435 usu

368 2447 401 2498 (?
419 2446 517 2498 non)
532 2447 665 2500 possis
683 2448 855 2488 reddere
872 2448 906 2486 F
926 2461 1069 2500 rapere
1088 2461 1254 2500 quoque
1273 2454 1334 2487 est
1353 2447 1540 2499 accipere
1559 2447 1671 2500 quod
1691 2460 1775 2486 non
1796 2447 1926 2499 possis
1946 2448 2117 2489 reddere

366 2503 408 2540 Ψ
429 2515 461 2541 r.
483 2515 518 2541 e.
543 2515 580 2541 a.
608 2514 648 2553 q.
679 2515 720 2540 n.
748 2515 789 2554 p.
818 2515 848 2541 r.
870 2503 1038 2552 lngolst.
1066 2502 1198 2541 editor
1223 2502 1307 2540 Wo.
1330 2502 1418 2540 Mr.
1485 2508 1665 2553 raperest
1693 2501 1878 2553 accipere
1904 2515 1978 2541 usu
2005 2503 2117 2554 quod

366 2556 497 2608 possis
518 2556 689 2607 perdere
707 2557 777 2607 Sp.
911 2560 955 2595 6.
1017 2562 1158 2607 regnat
1177 2568 1261 2594 non
1280 2555 1461 2607 loquitur
1481 2555 1515 2594 F
1542 2555 1615 2595 Gr.
1642 2555 1713 2595 Or.
1736 2556 1810 2595 Bo.
1868 2562 2013 2608 regnat
2032 2570 2116 2596 non

366 2611 519 2661 regitur
538 2610 749 2649 Froeklzclc
769 2610 839 2648 Rz.
866 2610 948 2649 Wo.
963 2611 1032 2661 Sp.
1050 2611 1139 2649 Mr.
1197 2622 1283 2649 rem
1302 2610 1388 2661 agit
1407 2622 1491 2648 non
1498 2609 1689 2661 loquitur
1703 2610 1777 2648 Fr.
1917 2614 1997 2648 10.
2056 2611 2116 2650 in-

368 2664 556 2703 sidiosior
576 2664 649 2703 FT
674 2664 745 2703 Gr.
771 2664 842 2703 Or.
863 2665 952 2702 Mr.
974 2665 1048 2702 Fr.
1105 2663 1345 2703 invidiosior
1365 2664 1439 2702 Bo.
1472 2663 1554 2702 Wo.
1576 2665 1645 2715 Sp.
1760 2668 1839 2701 14.
1889 2664 2115 2704 remedium

370 2719 404 2757 F
429 2719 500 2757 Gr.
522 2717 596 2757 Be.
628 2718 699 2756 Or.
726 2717 802 2757 Bo.
833 2718 917 2756 Wo.
945 2718 1019 2757 Ri.
1047 2719 1117 2769 Sp.
1175 2717 1391 2769 remigium
1422 2717 1495 2756 Gr.
1552 2716 1661 2756 fraus
1687 2723 1747 2756 est
1776 2717 1810 2755 F
1842 2718 1913 2757 Gr.
1941 2718 2016 2758 Bo.
2044 2720 2115 2770 Sp.

369 2773 516 2811 frustra
535 2778 595 2811 est
619 2771 691 2811 Gr.
713 2773 787 2810 Bo.
819 2771 902 2810 Wo.
924 2772 995 2810 Ri.
1018 2772 1105 2810 Mr.
1163 2778 1223 2810 est
1244 2771 1390 2810 frustra
1414 2771 1485 2810 Or.
1543 2770 1695 2810 flumen
1716 2771 1750 2809 F
1771 2771 1926 2811 fulmen
1945 2772 2016 2811 Be.
2043 2773 2115 2812 Or.

371 2827 445 2866 Bo.
494 2826 579 2864 Wo.
618 2826 689 2864 Ri.
727 2825 796 2876 Sp.
841 2826 930 2864 Mr.
1006 2838 1038 2863 r.
1077 2824 1263 2864 fraudem
1310 2831 1371 2864 est
1418 2831 1561 2863 contra
1597 2825 1764 2877 vulpem
1810 2838 2004 2876 quaerere
2042 2828 2116 2866 Fr.

374 2885 449 2918 15.
506 2879 751 2918 beneficium
790 2879 824 2917 F
862 2879 931 2918 Ri.
988 2879 1167 2930 ingenuo
1209 2879 1282 2918 Gr.
1326 2879 1397 2917 Or.
1436 2879 1511 2918 Bo.
1580 2878 1761 2918 officium
1799 2880 1868 2931 Sp.
1908 2880 1997 2920 Mr.
2039 2881 2115 2919 Fr.

373 2935 402 2972 Z
425 2933 495 2985 (T)
515 2933 589 2972 has
610 2935 647 2973 8.
675 2945 734 2972 10.
762 2933 822 2974 16.
991 2937 1068 2971 1⁶.
1126 2946 1157 2972 r.
1178 2945 1219 2971 n.
1241 2945 1282 2984 p.
1303 2932 1374 2984 qui
1400 2932 1512 2984 quod
1538 2932 1717 2972 alienum
1743 2940 1830 2972 erat
1856 2933 2052 2985 persolvit
2079 2934 2117 2973 T

372 3001 466 3082 pin.
488 3000 530 3080 pt.
551 2987 648 3039 quoi
674 2987 785 3039 quod
813 2985 992 3026 alienum
1018 2986 1093 3026 fuit
1122 2986 1194 3025 Ri.
1227 2987 1310 3025 Wo.
1370 2999 1401 3024 r.
1423 2999 1464 3024 n.
1486 2999 1527 3038 p.
1550 2986 1616 3026 cui
1636 2987 1748 3038 quod
1774 2986 1993 3027 alienumst
2011 2989 2117 3040 perit

420 3048 504 3094 aup
