2232 3522
652 261 727 303 PU
736 262 927 302 BLILII
965 261 1102 302 SYRI
1142 262 1555 305 SENTENTIAE.
1906 266 1976 319 29

143 395 202 445 Ψ
227 391 436 444 Probus
475 391 700 443 libertus
738 392 857 443 sine
894 399 1092 443 natura
1130 400 1213 444 est
1257 391 1413 445 filius,

228 478 494 530 Prodesse
531 479 624 545 qui
662 477 780 529 vult
819 494 920 530 nec
958 486 1158 545 potest,
1196 495 1371 546 aeque
1410 485 1492 530 est
1532 478 1709 531 miser.
1897 502 1977 544 490

228 564 436 616 Pericla
473 564 700 616 timidus
736 555 906 615 etiam
946 582 1090 632 quae
1128 581 1239 616 non
1278 571 1407 616 sunt
1443 565 1609 616 videt.

230 652 415 703 Pudor
450 652 632 704 doceri
673 668 782 702 non
822 658 1022 719 potest,
1061 653 1210 703 nasci
1249 659 1448 719 potest.

179 757 204 792 5
231 738 359 789 Plus
398 746 481 790 est
517 755 684 805 quam
724 755 906 804 poena
942 738 1119 789 sinere
1159 738 1418 789 miserum
1458 738 1651 790 vivere.

230 825 501 876 Pudorem
541 823 782 876 alienum
821 826 915 892 qui
955 825 1129 892 eripit,
1168 825 1350 892 perdit
1387 841 1563 877 suurn.

228 911 500 963 Patientia
538 912 707 963 animi
746 911 990 963 occultas
1030 912 1251 963 divitias
1289 911 1470 964 habet.
1570 935 1571 938 ¹
1898 935 1976 978 495

228 1000 421 1050 Peiora
459 998 635 1050 multa
672 999 881 1066 cogitat
918 1006 1106 1050 mutus
1144 998 1316 1050 dolor.

228 1085 466 1137 Pecunia
504 1104 614 1137 una
651 1087 897 1154 regimen
938 1093 1022 1138 est
1060 1103 1239 1138 rerum
1279 1087 1544 1138 omnium.

152 1183 202 1220 10
230 1171 413 1223 Pudor
449 1173 708 1224 dimissus
746 1188 1052 1240 numquam
1090 1172 1232 1224 redit
1269 1173 1322 1223 in
1364 1173 1615 1240 gratiam.

229 1259 499 1311 Perdendi
539 1258 704 1311 finem
744 1276 908 1310 nemo
947 1259 1050 1309 nisi
1091 1267 1308 1326 egestas
1347 1260 1492 1312 facit.

229 1347 414 1398 Poena
452 1348 522 1399 ad
563 1347 771 1398 malurn
810 1363 1051 1414 serpenS,
1089 1347 1198 1398 iam
1238 1364 1364 1399 cum
1403 1354 1678 1415 properat,
1702 1346 1868 1399 venit.
1901 1368 1981 1410 500
2026 1358 2030 1360 ’

229 1432 359 1484 Plus
398 1441 482 1485 est
520 1450 686 1501 quam
727 1450 908 1501 poena
946 1432 1175 1484 iniuriae
1213 1434 1583 1485 succumbere.

177 1494 334 1570 ‘sfiro
374 1520 646 1571 medicina
683 1527 767 1571 est
805 1519 979 1580 dolor,
1015 1518 1266 1570 dolorem
1305 1520 1398 1587 qui
1438 1526 1612 1570 necat.

152 1617 203 1652 15
229 1606 451 1657 Patiens
491 1613 547 1656 et
585 1605 739 1656 fortis
779 1622 837 1656 se
876 1606 1056 1672 ipsum
1097 1604 1312 1656 felicem
1351 1605 1494 1656 facit.

230 1693 548 1765 Brospicere
586 1693 641 1743 in
680 1709 818 1760 pace
856 1700 1090 1759 oportet,
1128 1693 1279 1759 quod
1317 1692 1524 1744 bellum
1564 1693 1728 1745 iuvet.

169 1768 431 1843 V‘Parens
471 1780 640 1830 iratus
682 1779 735 1829 in
775 1796 834 1830 se
873 1786 956 1830 est
994 1778 1415 1831 crudelissimus
1901 1800 1977 1842 505

307 1923 351 1962 Ψ
377 1922 499 1972 [from
526 1922 583 1972 Π]
610 1922 680 1971 (F)
706 1921 781 1961 has
812 1934 964 1973 1—51;
997 1923 1029 1972 ψ
1054 1921 1166 1961 Bart.
1186 1921 1293 1960 have
1321 1933 1358 1960 2.
1386 1919 1425 1962 6.
1461 1934 1523 1961 10.
1550 1932 1590 1974 9.
1618 1922 1654 1961 8.
1687 1935 1726 1960 x.
1757 1934 1820 1961 11.
1848 1935 1887 1960 x.
1911 1933 1976 1962 21.

228 1990 294 2028 24.
327 1991 391 2027 25.
419 1990 483 2029 30.
506 1990 569 2028 35.
603 1975 667 2028 36.
697 1987 760 2029 39.
786 1987 853 2026 45.
875 1978 941 2027 48.
962 1987 1028 2028 49.
1055 1974 1183 2027 (Bart.
1216 1975 1410 2027 omitting
1434 1976 1524 2025 48);
1555 1990 1586 2013 π
1604 1975 1679 2015 has
1699 1987 1737 2025 3.
1760 1976 1798 2015 8.
1825 1986 1884 2027 15.
1915 1985 1978 2026 17.

229 2044 293 2071 21.
317 2044 338 2070 2
345 2042 382 2083 5.
405 2043 469 2082 30.
494 2044 557 2082 32·
579 2045 645 2082 34.
670 2043 733 2082 39.
756 2030 822 2082 48.
1006 2034 1052 2069 2.
1113 2029 1237 2069 miser
1255 2034 1316 2069 est
1337 2032 1370 2080 ψ
1388 2029 1511 2069 miser
1531 2030 1566 2069 F
1585 2036 1646 2069 est
1666 2030 1789 2070 miser
1808 2030 1978 2082 Ingolst.

226 2086 353 2126 editor
374 2086 448 2125 Gr.
472 2086 545 2125 Or.
576 2085 660 2124 Wo.
681 2086 771 2125 Mr.
792 2086 867 2125 Fr.
893 2090 1022 2124 meret
1041 2085 1109 2136 Sp.
1269 2089 1314 2122 6.
1370 2083 1458 2123 sine
1477 2097 1562 2123 rem
1584 2084 1619 2123 F
1638 2084 1726 2124 sine
1745 2097 1789 2124 re
1806 2085 1976 2136 Ingolst.

225 2141 356 2179 editor
387 2139 470 2179 Wo.
495 2139 629 2179 sinere
654 2139 726 2191 Sp.
747 2138 835 2179 sine
854 2152 928 2192 spe
956 2139 1041 2178 Wo.
1061 2139 1152 2178 Mr.
1179 2137 1385 2178 sinerem?
1414 2138 1501 2187 (the
1526 2144 1693 2178 context
1718 2138 1824 2179 from
1844 2138 1981 2178 which

227 2193 299 2234 the
317 2199 509 2234 sentence
529 2193 564 2233 is
582 2194 791 2233 extracted
811 2194 937 2244 being
957 2192 1082 2232 taken
1102 2192 1191 2231 into
1210 2193 1417 2241 account).
1620 2197 1666 2231 8.
1725 2194 1855 2233 multa
1876 2202 1972 2232 MSS.

231 2249 303 2288 Gr.
333 2248 404 2288 Or.
426 2249 557 2287 multo
593 2248 858 2287 Tzsclzuckius
895 2248 978 2287 Wo.
1013 2248 1082 2299 Sp.
1103 2247 1193 2285 Mr.
1215 2246 1462 2298 multiloquo
1490 2246 1618 2298 agitat
1646 2247 1722 2287 Bo.
1753 2247 1873 2287 inulti
1902 2247 1978 2286 Fr.

228 2306 275 2341 9.
333 2302 508 2355 pecunia
534 2302 596 2341 Fa
621 2302 797 2354 pecunia
822 2314 906 2341 una
936 2302 1006 2341 Gr.
1043 2301 1115 2340 Or.
1145 2301 1221 2339 Bo.
1259 2301 1341 2339 Wo.
1376 2301 1576 2352 pecuniae
1603 2301 1675 2340 uni
1707 2302 1775 2341 Ri.
1802 2301 1980 2354 pecunia

226 2356 386 2396 homini
406 2356 474 2408 Sp.
499 2357 698 2408 pecuniae
718 2369 840 2396 omne
860 2357 935 2396 Fr.
1134 2358 1214 2393 10.
1272 2354 1377 2394 redit
1398 2355 1440 2394 in
1458 2355 1632 2407 gratiam
1656 2365 1753 2395 MSS.
1784 2357 1868 2396 Wo.
1889 2356 1980 2394 Mr.

229 2411 302 2450 Fr.
334 2410 468 2450 reddit
493 2410 667 2462 gratiam
694 2412 766 2462 Sp.
952 2412 1032 2447 12.
1089 2409 1295 2461 serpentia
1320 2422 1414 2448 eum
1437 2414 1619 2461 proterat
1639 2410 1674 2448 F
1694 2422 1861 2463 serpens
1888 2422 1982 2449 cum

228 2471 422 2517 properat
454 2466 623 2516 Ingolst.
658 2465 784 2504 editor
837 2476 1005 2516 serpens
1038 2469 1083 2503 ut
1111 2469 1305 2515 properat
1338 2463 1411 2503 Gr.
1449 2463 1520 2503 Or.
1551 2464 1627 2503 Bo.
1657 2465 1860 2517 serpendo
1889 2477 1982 2503 cum

229 2525 423 2571 properat
459 2520 543 2559 Wo.
574 2532 616 2571 p.
638 2532 675 2558 a.
701 2532 756 2558 m.
778 2519 930 2558 sensim
956 2530 1122 2570 serpens
1148 2517 1229 2556 hau
1258 2529 1484 2570 properans
1509 2517 1620 2558 venit
1646 2518 1717 2557 Ri.
1738 2532 1780 2570 p.
1808 2531 1846 2558 a.
1872 2531 1928 2556 m.
1950 2518 1982 2558 it

230 2573 433 2624 serpendo
458 2586 552 2612 cum
578 2586 622 2613 se
640 2573 821 2625 proferat
850 2574 921 2624 Sp.
980 2571 1112 2611 malos
1138 2577 1182 2610 ut
1207 2584 1343 2623 poena
1370 2578 1552 2623 proterat
1578 2584 1747 2624 serpens
1766 2572 1878 2612 venit
1903 2573 1981 2612 Bo.

230 2639 366 2678 poena
391 2627 445 2666 ad
471 2627 626 2667 malum
652 2627 833 2680 serpenti
861 2633 955 2667 actu
976 2638 1255 2678 approperans
1276 2625 1388 2665 venit
1414 2626 1489 2665 Fr.
1510 2639 1553 2678 p.
1574 2639 1612 2665 a.
1634 2639 1690 2666 m.
1711 2639 1879 2679 serpens
1898 2626 1981 2666 iam

231 2693 324 2720 curn
344 2687 538 2732 properat
557 2681 699 2721 venit?
937 2685 1016 2718 14.
1072 2679 1191 2719 dolor
1210 2686 1271 2718 est
1291 2679 1362 2731 qui
1380 2679 1568 2720 dolorem
1587 2687 1707 2720 necat
1729 2681 1763 2719 F
1782 2688 1843 2720 est
1862 2679 1983 2720 dolor

230 2734 302 2786 qui
328 2734 514 2774 dolorem
540 2742 660 2774 necat
684 2736 857 2788 Ingolst.
884 2735 1015 2774 editor
1053 2734 1172 2773 dolor
1199 2739 1261 2773 est
1287 2733 1473 2773 dolorem
1499 2734 1570 2786 qui
1594 2741 1713 2774 necat
1743 2735 1816 2774 Gr.
1848 2735 1921 2774 Or.
1943 2747 1980 2774 e.

230 2787 417 2828 dolorem
443 2801 484 2841 q.
508 2789 628 2828 dolor
652 2790 786 2829 enicat
811 2789 888 2829 Bo.
909 2802 946 2829 e.
967 2787 1087 2827 dolor
1113 2787 1299 2827 dolorem
1326 2800 1367 2840 q.
1388 2795 1507 2828 necat
1537 2789 1620 2828 Wo.
1644 2789 1718 2828 Ri.
1740 2790 1811 2840 Sp.
1831 2789 1922 2827 Mr.
1942 2801 1981 2828 e.

339 2964 384 2999 9.
444 2960 507 3001 Cf.
535 2960 768 3013 Euripides,
789 2961 962 3011 Fragm.
983 2960 1129 3011 χρυσὸς
1146 2959 1227 3011 ’γάρ
1247 2960 1369 3010 ἐστιν,
1394 2961 1434 3001 ὃς
1451 2962 1606 3012 βροτῶν
1627 2963 1715 3011 ἔχει
1735 2962 1873 3013 κράτη.

341 3032 423 3067 10.
480 3028 546 3069 Cf.
567 3028 738 3077 Seneca,
761 3029 913 3080 Agant.
938 3041 1027 3080 113.
