2232 3522
609 248 880 290 PUBLILII
921 249 1059 290 SYRI
1099 251 1506 293 SENTENTIAE.
1866 258 1926 310 31

186 382 430 432 Perenne
467 380 783 447 coniugium
823 382 1053 443 animus,
1092 399 1202 434 non
1241 400 1439 451 corpus
1478 383 1620 436 facit.
1856 409 1935 448 520

186 466 456 518 Pereundi
495 466 631 518 scire
669 474 890 533 tempus
929 468 1148 519 assidue
1186 476 1269 520 est
1308 470 1459 520 mori.

185 552 404 603 Potenti
444 553 599 604 irasci
638 552 740 603 sibi
778 553 1041 619 periclum
1081 562 1164 605 est
1202 571 1477 621 quaerere.

89 613 417 700 ffleccare
454 640 614 707 pauci
654 639 870 701 nolunt,
903 639 1038 691 nulli
1078 641 1343 693 nesciunt.

186 725 492 776 Paucorum
531 724 855 792 improbitas
895 725 1146 777 universa
1185 734 1268 777 est
1306 725 1609 779 calamitas
1902 782 1906 791 .

186 812 290 864 Pro
327 813 566 864 dominis
603 828 830 880 peccare
868 812 1035 863 etiam
1074 813 1291 864 virtutis
1329 812 1450 864 loco
1490 821 1585 865 est.
1856 839 1932 879 525

186 897 455 950 Patiendo
493 898 668 950 multa
703 898 948 959 veniunt,
985 915 1128 965 quae
1166 915 1410 966 nequeas
1449 901 1579 966 pati.
1918 897 1923 900 ’

186 986 415 1038 Paratae
452 985 709 1037 lacrimae
746 985 987 1046 insidiaS,
1026 1001 1135 1036 non
1176 984 1369 1037 fletum
1409 986 1668 1039 indicant.

110 1087 162 1123 40
186 1071 479 1124 Peccatum
518 1078 800 1132 extenuat,
838 1071 931 1138 qui
970 1070 1216 1122 celeriter
1253 1072 1488 1138 corrigit.

186 1158 458 1210 Pudorem
496 1157 698 1209 habere
735 1158 968 1208 servitus
1006 1157 1422 1224 quodammodo
1461 1165 1556 1209 est.

186 1246 377 1298 Potest
414 1247 493 1298 uti
533 1245 775 1298 adversis
813 1261 1117 1312 numquam
1157 1243 1403 1295 felicitas,
1857 1268 1937 1310 530

188 1335 478 1386 Prudentis
515 1334 701 1386 vultus
739 1333 907 1384 etiam
946 1332 1213 1383 sermonis
1252 1331 1374 1382 loco
1413 1339 1510 1383 est.

187 1421 365 1473 Probo
403 1420 730 1473 beneficium
769 1419 861 1486 qui
901 1419 1014 1480 dat,
1055 1435 1127 1469 ex
1167 1425 1323 1485 parte
1362 1418 1573 1486 accipit.

110 1519 163 1554 45
186 1508 371 1560 Pudor
408 1509 452 1559 si
491 1523 655 1574 quem
696 1522 807 1557 non
846 1504 1031 1567 flectit,
1070 1522 1181 1556 non
1221 1504 1424 1571 frangit
1461 1506 1639 1556 timor.

187 1595 374 1646 Poena
417 1593 697 1656 allevatur,
734 1592 827 1644 ubi
866 1592 1148 1643 relaxatur
1185 1591 1355 1642 dolor.

187 1680 375 1732 Plures
413 1681 552 1748 tegit
592 1680 851 1740 Fortuna,
891 1694 1058 1745 quam
1097 1685 1248 1728 tutos
1287 1676 1429 1728 facit.
1859 1700 1935 1742 535

187 1766 319 1819 Post
357 1766 734 1818 calamitatem
775 1764 1041 1816 memoria
1079 1763 1188 1815 alia
1226 1771 1309 1814 est
1348 1762 1646 1815 calamitas,

187 1852 368 1904 Probo
405 1852 553 1904 bona
590 1851 739 1902 sama
777 1851 1026 1902 maxima
1064 1858 1147 1901 est
1185 1849 1474 1901 hereditas,

185 1974 314 2013 editor
340 1973 406 2013 cui
435 1974 505 2013 det
530 1973 602 2013 Gr.
628 1973 699 2012 Or.
725 1972 848 2012 cudat
873 1972 949 2011 Bo.
970 1971 1107 2010 sardet
1135 1971 1210 2010 Fr.
1267 1971 1416 2010 doceat
1443 1971 1530 2011 dies
1560 1971 1607 2011 C.
1627 1971 1782 2011 Meiser
1807 1972 1934 2012 donet

184 2028 274 2068 dies
303 2029 387 2068 Wo.
407 2028 477 2079 Sp.
593 2031 677 2066 88.
733 2026 931 2066 universis
951 2033 1012 2065 est
1039 2026 1073 2064 F
1093 2025 1291 2065 universis
1309 2025 1480 2077 Ingolst.
1500 2025 1626 2065 editor
1647 2026 1720 2065 Gr.
1745 2026 1817 2065 Or.
1848 2027 1934 2066 Wo.

185 2082 378 2122 univorsa
424 2088 485 2122 est
522 2081 592 2134 Sp.
634 2081 708 2120 Fr.
782 2080 1006 2119 multorum
1052 2086 1111 2119 est
1157 2083 1189 2131 ψ
1226 2085 1287 2119 est
1325 2079 1548 2118 multorum
1586 2080 1808 2120 Buecheler
1842 2081 1933 2120 Mr.

187 2141 272 2176 88.
329 2136 460 2176 multa
486 2136 521 2175 F
557 2136 641 2175 W'o.
661 2135 732 2187 Sp.
752 2135 841 2174 Mr.
865 2134 996 2173 inulta
1020 2134 1092 2174 Fr.
1152 2133 1321 2173 veniunt
1348 2134 1382 2172 F
1412 2134 1494 2173 Wo.
1518 2134 1594 2173 Fr.
1614 2134 1780 2174 venient
1799 2149 1825 2172 α
1843 2136 1934 2174 Μν.

185 2190 379 2231 eveniunt
399 2191 470 2229 Ri.
491 2191 561 2242 Sp.
797 2192 884 2226 42.
941 2194 1076 2240 potest
1095 2187 1204 2227 ultus
1226 2188 1260 2226 F
1279 2188 1440 2240 patiens
1458 2189 1528 2227 Ps.
1554 2188 1626 2227 Gr.
1652 2188 1723 2228 Or.
1748 2189 1936 2241 potentia

185 2246 353 2297 Ingvlst.
390 2245 519 2285 editor
554 2243 660 2296 perit
693 2243 826 2282 omnis
863 2242 1035 2293 Machly
1061 2248 1159 2294 pote
1202 2242 1286 2281 Wo.
1316 2242 1516 2294 patientia
1547 2242 1621 2281 Ri.
1677 2243 1720 2282 in
1755 2243 1936 2284 adversis

185 2298 648 2393 ἵζ”ἒέἒὲῗεῑῗιῗὲῗέἓῗωῖ
667 2302 959 2403 Ἒῖςὲῖῗξηὲῗῖ
978 2295 1628 2402 {3333nfrinoss'ubfiss'fiffuffi
1646 2309 1934 2404 ῗὲῗᾷἶέἓὲᾝ

185 2413 322 2461 potest
340 2407 481 2447 ulcisci
500 2405 681 2446 adversis
700 2418 809 2444 nunc
828 2405 1000 2445 felicitas
1012 2405 1031 2444 Ρ
1209 2408 1291 2444 48.
1352 2404 1487 2456 pudor
1505 2418 1630 2457 quem
1648 2418 1733 2445 non
1752 2405 1879 2446 flectit
1901 2407 1936 2445 F

185 2462 321 2514 pudor
348 2474 471 2514 quem
500 2460 627 2501 flectit
664 2473 748 2499 non
775 2459 902 2499 flectit
931 2472 1015 2498 non
1042 2458 1193 2510 frangit
1224 2461 1256 2508 ψ
1292 2471 1333 2510 p.
1363 2471 1650 2511 quemcunque
1686 2472 1771 2499 non
1808 2460 1937 2500 flectit

186 2515 347 2568 frangat
385 2516 509 2555 timor
549 2515 622 2555 Gr.
651 2527 695 2567 p.
724 2526 847 2567 quem
876 2512 1012 2552 nullus
1042 2512 1168 2552 flectit
1196 2512 1365 2563 Maelzly
1392 2525 1434 2565 p.
1463 2526 1504 2565 q.
1537 2526 1621 2552 non
1654 2513 1826 2554 reflectit
1854 2516 1930 2555 Bo.

187 2570 344 2623 pudore
371 2582 495 2621 quem
522 2582 607 2608 non
635 2568 765 2608 flectis
803 2569 884 2607 Wo.
919 2567 1054 2620 pudor
1085 2567 1243 2619 siquem
1277 2579 1362 2606 non
1392 2566 1520 2606 flectit
1563 2568 1646 2607 Wo.
1680 2569 1770 2607 Mr.
1801 2570 1936 2621 pudor

187 2636 434 2677 quemquem
481 2636 523 2662 n.
562 2623 590 2662 s.
637 2635 731 2663 cum
776 2622 937 2673 frangat
983 2621 1105 2660 timor
1161 2621 1246 2660 Wo.
1294 2633 1336 2672 p.
1375 2633 1499 2674 quem
1544 2622 1731 2661 nondum
1776 2622 1803 2662 f.
1856 2624 1933 2662 Fr.

187 2681 272 2716 40.
329 2679 488 2717 levatur
514 2677 548 2716 F
567 2677 642 2716 Fr.
669 2677 870 2716 allevatur
898 2676 970 2716 Gr.
996 2676 1068 2714 Or.
1089 2675 1162 2714 Bo.
1197 2675 1280 2714 Wo.
1302 2675 1374 2714 Ri.
1395 2677 1466 2727 Sp.
1494 2675 1584 2714 Mr.
1606 2676 1677 2715 ubi
1704 2676 1739 2715 F
1769 2677 1841 2716 Gr.
1863 2682 1933 2716 etc.

187 2731 249 2771 ira
276 2732 350 2771 Fr.
380 2731 542 2771 laxatur
566 2731 601 2770 F
626 2731 701 2770 Fr.
729 2730 934 2771 relaxatur
961 2730 1094 2769 Halm
1131 2729 1216 2768 Wo.
1243 2730 1317 2768 Rz‘.
1345 2730 1413 2781 Sp.
1446 2730 1536 2768 Mr.
1557 2736 1654 2769 tunc
1679 2730 1750 2769 ubi
1775 2731 1937 2771 laxatur

192 2786 265 2825 Gr.
291 2785 363 2825 Or.
383 2785 460 2825 Bo.
654 2789 741 2824 47.
826 2797 921 2824 uam
941 2790 1051 2823 tutos
1069 2782 1191 2823 faciat
1212 2783 1246 2822 F
1265 2796 1307 2835 q.
1329 2790 1356 2823 t.
1382 2783 1478 2823 facit
1499 2784 1669 2836 Ingolst.
1689 2785 1820 2824 editor
1846 2786 1932 2824 Wo.

186 2840 258 2891 Sp.
279 2839 369 2878 Mr.
425 2838 524 2891 legit
542 2839 619 2879 Bo.
641 2838 683 2878 in
703 2844 794 2878 tuto
829 2844 922 2878 ocat
942 2839 1012 2877 Fr.
1166 2841 1252 2875 49.
1308 2837 1439 2889 probe
1458 2840 1491 2889 ψ
1510 2851 1585 2890 pro
1606 2839 1641 2877 F
1643 2852 1668 2876 α
1697 2839 1781 2878 Wo.
1802 2839 1935 2891 probo

191 2894 262 2933 Gr.
301 2893 371 2933 Or.
402 2893 478 2933 Bo.
509 2893 583 2932 Ri.
612 2893 680 2944 Sp.
707 2893 797 2931 Mr.
823 2892 951 2944 patris
977 2891 1126 2931 Nauck
1148 2891 1268 2943 probi
1294 2892 1452 2931 natales
1476 2892 1551 2932 Fr.
1612 2893 1641 2931 Z
1671 2892 1740 2944 (T)
1767 2893 1842 2933 has
1869 2906 1934 2945 5²·

615 3033 699 3067 43.
756 3028 821 3068 Cf.
843 3027 1072 3075 Terentius,
1097 3027 1269 3079 Adelph.
1293 3037 1320 3067 1.
1352 3041 1386 3067 1.
1410 3039 1472 3078 32.
