2232 3522
614 252 884 293 PUBLILII
924 253 1062 294 SYRI
1101 254 1510 298 SENTENTIAE.
1875 259 1935 311 17

192 385 353 453 Inopi
391 385 717 438 beneficium
757 384 842 435 bis
880 385 991 447 dat,
1029 386 1122 452 qui
1160 386 1259 437 dat
1296 386 1555 440 celeriter.

192 468 439 532 Inopiae
477 468 696 518 desunt
733 468 942 527 multa,
982 467 1267 518 avaritiae
1306 470 1528 519 omnia.

194 551 469 603 Instructa
507 551 694 618 inopia
732 558 815 602 est
855 551 908 601 in
947 551 1155 603 divitiis
1193 551 1482 619 cupiditas,

194 638 400 689 Invitat
436 637 672 705 culpam,
710 638 804 704 qui
843 645 1133 705 peccatum
1172 639 1445 705 praeterit.

119 739 169 775 10
194 724 503 775 Iucundum
544 724 619 775 nil
659 733 756 787 est,
795 725 899 775 nisi
939 725 1088 791 quod
1129 724 1301 776 reficit
1338 726 1590 778 varietaS.
1863 748 1942 788 270

195 810 515 878 Ingenuitas
554 827 663 861 non
703 810 896 877 recipit
933 809 1342 863 contumeliam.

302 896 521 948 Irritare
559 904 643 947 est
681 896 1069 958 calamitatem,
1109 914 1235 949 cum
1274 905 1329 949 te
1368 896 1582 949 felicem
1621 914 1796 950 voces,

195 982 431 1050 Impune
468 1000 663 1051 pecces
702 983 756 1034 in
796 999 939 1043 eum,
979 983 1071 1050 qui
1111 990 1305 1050 peccat
1342 984 1502 1051 prior.

196 1069 452 1136 Ingratus
491 1086 631 1120 unus
669 1069 926 1120 omnibus
966 1069 1176 1120 miseris
1214 1078 1389 1121 nocet.

121 1165 171 1201 15
198 1155 261 1206 In
302 1155 519 1206 miseria
557 1156 671 1206 vita
709 1156 877 1206 etiam
916 1155 1254 1207 contumelia
1291 1163 1389 1207 est.
1866 1178 1942 1220 275

196 1239 290 1287 Ita
326 1237 588 1288 amicum
626 1238 873 1297 habeas,
912 1252 1095 1302 posse
1132 1245 1199 1288 ut
1234 1237 1409 1288 facile
1454 1237 1581 1288 fieri
1626 1238 1788 1289 hunc
1830 1239 1942 1289 ini-

362 1319 586 1369 micum
624 1325 820 1382 puteS.

139 1388 472 1463 [slnvidiam
512 1402 648 1453 serre
686 1410 782 1454 aut
820 1402 975 1454 fortis
1013 1410 1110 1454 aut
1148 1401 1283 1453 felix
1322 1410 1521 1469 potest.

199 1487 264 1539 In
304 1505 492 1539 amore
529 1505 748 1555 semper
786 1488 1032 1540 mendax
1071 1489 1355 1540 iracundia
1393 1496 1490 1540 est.

201 1574 419 1626 Invidia
455 1574 636 1634 tacite,
676 1574 773 1626 sed
812 1574 1033 1626 inimice
1070 1574 1334 1626 irascitur.

126 1678 175 1714 20
202 1661 411 1712 Iratum
450 1661 687 1712 breviter
723 1662 878 1720 viteS,
919 1661 1201 1713 inimicum
1241 1661 1348 1713 diu.
1871 1675 1949 1715 280

197 1791 268 1842 Sp.
289 1791 377 1830 Mr.
520 1794 566 1828 9.
622 1791 665 1830 in
685 1804 728 1831 se
747 1790 850 1830 vitat
871 1790 1021 1830 PRBF
1039 1790 1186 1830 invitat
1208 1790 1332 1832 HTC
1356 1790 1429 1831 Gr.
1455 1791 1527 1831 Or.
1548 1791 1618 1832 Ri.
1653 1792 1735 1832 Wo.
1760 1792 1833 1844 Sp.
1853 1792 1946 1831 Mr.

196 1845 285 1898 ipse
305 1845 429 1884 intrat
447 1845 523 1884 Bo.
582 1845 750 1884 inseruit
769 1846 840 1884 Ri.
898 1845 941 1884 in
960 1858 1003 1884 se
1023 1845 1110 1884 vult
1129 1845 1205 1884 Fr.
1332 1850 1411 1884 18.
1467 1845 1623 1898 inpune
1643 1855 1740 1886 MSS.
1761 1846 1848 1886 iure
1867 1847 1943 1886 Fr.

197 1912 321 1952 pecas
348 1900 380 1938 P
405 1899 518 1951 pecis
545 1899 584 1938 R
610 1912 755 1961 pecces
782 1900 855 1938 BF
885 1899 957 1939 Gr.
980 1899 1055 1939 Be.
1083 1899 1155 1939 Or.
1181 1899 1258 1939 Bo.
1288 1898 1373 1939 Wo.
1394 1899 1466 1939 Ri.
1487 1902 1558 1951 Sp.
1590 1901 1681 1939 Mr.
1737 1913 1884 1953 peccas
1911 1901 1946 1941 C

197 1953 382 2006 profecto
411 1965 556 2006 peccas
585 1954 623 1992 T
651 1954 694 1992 in
722 1960 763 1993 te
782 1959 925 2006 peccat
950 1954 1023 1993 Fr.
1085 1953 1128 1993 in
1151 1966 1246 1993 eum
1270 1953 1342 2005 qui
1368 1963 1464 1993 MSS.
1489 1954 1562 1994 Be.
1586 1955 1658 1994 Or.
1685 1954 1762 1994 Bo.
1784 1956 1854 1995 Ri.
1877 1956 1948 2007 Sp.

197 2009 286 2048 Mr.
346 2008 417 2059 qui
446 2007 557 2060 prior
584 2009 628 2047 in
656 2020 750 2047 eum
782 2007 993 2059 (omitting
1020 2007 1091 2048 the
1119 2007 1206 2047 first
1234 2007 1276 2046 in
1305 2006 1416 2069 eum)
1437 2008 1475 2047 T
1503 2008 1547 2048 in
1575 2021 1670 2048 eum
1698 2022 1844 2061 pecces
1876 2010 1948 2049 Gr.

197 2069 342 2115 pecoet
369 2061 496 2101 rarior
523 2071 619 2101 MSS.
648 2061 810 2124 (except
834 2061 921 2113 T)
912 2075 954 2101 ln
981 2075 1106 2114 quem
1132 2061 1315 2114 peccaris
1339 2062 1453 2114 prior
1476 2063 1553 2102 Fr.
1610 2063 1779 2125 impune
1803 2069 1950 2126 peccat

197 2129 291 2211 2³²?
304 2116 588 2222 »ἙῙἏΞἭΣ
604 2129 734 2156 ”¹¹³⁵
744 2117 837 2208 1⁶5
877 2115 1043 2209 ᾧῑὲἒὶιέ
1059 2115 1647 2211 sskffl‘sstifssffss‘fflssssi
1667 2118 1950 2212 8θὲῗέῖεῖἶέιέ

200 2226 284 2265 HF
311 2225 501 2275 (omitted
527 2226 583 2276 by
607 2225 678 2264 the
702 2224 822 2264 other
841 2223 956 2274 MSS.)
983 2224 1108 2264 etiam
1134 2224 1219 2263 vita
1254 2225 1337 2264 Wo.
1396 2225 1481 2264 vita
1509 2226 1634 2265 etiam
1662 2226 1732 2278 Sp.
1759 2227 1849 2266 Mr.
1907 2227 1951 2265 in

198 2280 335 2320 miseri
354 2279 483 2319 vitam
502 2279 670 2319 inventa
688 2279 761 2318 Fr
915 2282 992 2317 18.
1038 2291 1169 2340 posse
1187 2284 1231 2318 ut
1250 2277 1371 2318 facile
1392 2278 1479 2318 fieri
1500 2280 1669 2332 PRFB2
1688 2279 1848 2321 Gellius
1866 2280 1951 2320 and

199 2333 437 2395 Macrobius
457 2334 559 2374 omit
578 2333 711 2373 facile.
758 2332 868 2372 hunc
887 2345 972 2372 non
992 2332 1203 2372 inimicum
1223 2338 1342 2385 putes
1362 2333 1517 2373 PRBA
1537 2334 1715 2374 amicum
1734 2335 1769 2374 is
1787 2334 1953 2375 written

199 2400 299 2428 over
322 2387 532 2428 inimicum
559 2389 602 2427 in
628 2387 698 2427 the
717 2387 810 2427 cod.
830 2388 951 2426 Voss.
972 2386 1020 2426 of
1044 2386 1204 2427 Gellius
1230 2393 1351 2439 putes
1375 2387 1514 2428 hunc'
1503 2388 1717 2428 mimicum
1737 2390 1772 2428 F
1789 2388 1831 2429 h.
1855 2389 1883 2428 i.
1903 2402 1947 2441 p.

200 2442 359 2483 Gellius
377 2443 458 2482 and
479 2442 718 2482 Macrobius
737 2448 782 2481 ut
800 2441 1012 2480 inimicum
1031 2440 1119 2480 fieri
1138 2453 1259 2492 posse
1278 2441 1382 2481 scias
1403 2442 1437 2481 C
1457 2454 1500 2494 p.
1513 2455 1554 2481 ιι.
1573 2442 1692 2482 fieri
1680 2456 1708 2482 1.
1729 2449 1849 2495 putes
1868 2444 1950 2482 Er.

200 2509 242 2549 p.
263 2497 288 2536 i.
315 2496 401 2536 fieri
435 2503 480 2536 ut
499 2503 619 2549 putes
649 2497 718 2536 Gr.
779 2496 806 2535 i.
826 2495 868 2534 h.
889 2508 926 2536 a.
950 2508 992 2547 p.
1013 2507 1055 2534 u.
1075 2494 1191 2534 fieri
1180 2508 1207 2535 1.
1232 2501 1350 2547 putes
1373 2495 1446 2535 Gr.
1506 2509 1626 2549 posse
1653 2504 1699 2537 ut
1725 2497 1845 2537 facile
1863 2497 1952 2538 fieri

199 2550 344 2590 hunc
333 2564 361 2590 1.
390 2558 508 2603 putes
534 2551 607 2590 Be.
637 2549 760 2602 (from
788 2549 913 2591 Caius
940 2548 1033 2600 MS.)
1060 2549 1137 2588 Bo.
1174 2550 1258 2588 Wo.
1278 2549 1352 2589 Ri.
1376 2550 1446 2601 Sp.
1473 2550 1564 2589 Mr.
1622 2564 1743 2613 posse
1770 2551 1951 2591 amicum

200 2603 287 2644 fieri
306 2617 345 2644 u.
366 2605 394 2644 i.
415 2611 533 2666 putes
551 2605 627 2644 Fr.
903 2607 980 2643 19.
1041 2603 1167 2643 tacito
1186 2603 1222 2644 C
1242 2603 1367 2644 tacita
1385 2604 1465 2644 cite
1484 2605 1586 2644 sed'
1575 2606 1741 2645 inimice
1761 2606 1805 2645 H
1826 2605 1952 2645 tacita

201 2658 320 2699 citius
344 2659 512 2699 inimica
532 2659 567 2697 F
586 2657 710 2698 tacite
735 2657 838 2698 sed
826 2657 993 2697 mimice
1023 2658 1096 2697 Gr.
1116 2657 1190 2697 Be.
1220 2657 1292 2697 Or.
1313 2658 1388 2698 Bo.
1422 2659 1506 2699 W'o.
1526 2660 1596 2699 Ri.
1618 2661 1687 2712 Sp.
1709 2661 1798 2699 Mr.
1823 2660 1951 2700 tacita

286 2815 333 2850 9.
391 2810 559 2862 Quoted
577 2811 633 2863 by
649 2809 822 2856 Seneca,
843 2810 979 2862 Epist.
1004 2811 1094 2851 108.
1115 2822 1154 2864 9,
1174 2810 1256 2850 and
1275 2810 1377 2850 with
1400 2811 1610 2851 ‘luxuriae
1622 2809 1633 2827 ’
1653 2811 1717 2851 sor
1736 2812 1925 2865 ‘inopiae
1940 2811 1949 2828 ’

209 2880 350 2921 Contr.
373 2891 409 2933 7.
439 2881 501 2921 18.
523 2882 562 2921 8.

289 2953 365 2987 11.
422 2948 488 2989 Cf.
510 2948 691 2998 Plautus,
718 2949 837 3000 capt.
863 2960 895 2987 1.
923 2960 962 2987 2.
982 2945 1049 2987 62.

290 3021 367 3057 10.
427 3017 595 3069 Quoted
612 3018 668 3070 by
688 3017 848 3059 Gellius
871 3027 933 3069 17.
958 3029 1007 3067 14
1025 3015 1109 3056 and
1129 3016 1381 3063 Macrobius,
1402 3018 1491 3057 Sat.
1514 3030 1550 3058 2.
1578 3027 1612 3069 7.

354 3113 398 3154 P.
427 3113 469 3155 S.
1774 3113 1805 3151 2
