2232 3522
588 277 860 319 PUBLILII
901 277 1040 320 SYRI
1080 277 1487 319 SENTENTIAE.
1848 280 1914 332 33

159 406 344 475 Quam
373 408 631 460 miserum
659 407 900 460 officium
927 416 1025 469 est,
1054 407 1204 475 quod
1230 423 1546 459 successum
1574 423 1685 458 non
1714 406 1917 459 habet!

160 492 345 560 Quam
386 494 550 545 miser
586 502 685 555 est,
722 495 809 546 cui
847 502 932 546 est
971 495 1188 562 ingrata
1227 493 1632 545 misericordia!
1841 503 1913 556 561

162 578 346 647 Quam
373 581 632 633 miserum
667 588 751 632 est
786 581 909 649 cogi
943 582 1269 648 opprimere,
1297 597 1464 648 quem
1499 581 1714 632 salvum
1751 581 1920 633 velis!

84 666 342 734 20Quem
381 668 530 720 sama
567 667 738 720 semel
777 670 1067 736 oppressit,
1106 668 1203 719 vix
1242 667 1563 719 restituitur.

162 753 327 822 Quod
367 756 466 807 vix
505 755 794 822 contingit,
831 755 930 807 vix
968 754 1316 822 voluptatem
1356 754 1515 822 parit.

160 839 343 908 Quam
381 841 639 893 miserum
677 850 775 904 est,
802 842 857 893 id
893 842 1043 909 quod
1079 841 1241 908 pauci
1273 841 1483 893 habent
1518 841 1798 894 amittere!
1841 852 1916 905 565

160 927 271 996 Qui
310 928 365 979 in
404 945 535 980 vero
573 928 808 991 dubitat,
847 927 993 979 male
1031 928 1148 995 agit
1187 945 1314 980 cum
1353 927 1640 980 deliberat.

161 1013 271 1081 Qui
309 1013 470 1065 timet
509 1014 765 1075 amicum,
803 1014 1013 1064 amicus
1052 1022 1114 1065 ut
1150 1013 1360 1077 timeat,
1400 1015 1580 1066 docet.

86 1109 138 1146 25
272 1097 550 1166 Quicquid
571 1099 965 1151 vindicandum
987 1107 1086 1160 est,
1101 1099 1283 1151 omnis
1303 1099 1517 1166 optima
1539 1107 1623 1151 est
1645 1102 1879 1154 occasio,

162 1184 346 1253 Quam
387 1187 646 1238 miserum
686 1185 959 1238 auxilium
998 1194 1096 1250 est,
1123 1186 1218 1237 ubi
1257 1193 1419 1237 nocet
1458 1186 1608 1253 quod
1649 1188 1918 1241 sustinet!

96 1273 273 1409 βοὶ
312 1281 444 1341 pote
482 1273 774 1325 consilium
813 1273 1016 1340 fugere,
1056 1289 1249 1340 sapere
1288 1272 1435 1324 idem
1476 1280 1677 1340 potest.
1835 1299 1914 1338 570

92 1370 103 1391 ⁸
164 1360 274 1429 Qui
314 1361 499 1414 ulcisci
538 1362 775 1424 dubitat,
812 1360 1096 1428 improbos
1134 1359 1318 1426 plures
1358 1358 1503 1411 facit.

163 1446 272 1515 Qui
312 1447 506 1499 obesse
543 1464 670 1499 cum
709 1454 897 1515 potest
935 1463 1046 1497 non
1085 1446 1218 1508 vult,
1256 1445 1484 1512 prodest
1522 1446 1641 1499 tibi.

87 1548 141 1585 3ο
164 1533 442 1602 Quicquid
481 1534 631 1586 bono
668 1533 939 1595 concedis,
977 1533 1077 1584 das
1117 1541 1334 1600 partem
1372 1533 1490 1585 tibi.

164 1621 330 1689 Quod
371 1622 583 1673 nescias
621 1621 708 1673 cui
748 1637 944 1683 serves,
985 1619 1217 1671 stultum
1256 1627 1340 1671 est
1379 1637 1618 1687 parcere.

165 1707 324 1776 Quae
361 1707 479 1760 vult
516 1708 688 1760 videri
725 1706 871 1759 bella
909 1706 1140 1758 nimium
1180 1705 1255 1757 illi
1295 1715 1478 1774 negat.
1839 1731 1918 1774 575

86 1792 276 1861 y‘Qui
315 1793 494 1856 debet,
534 1793 700 1845 limen
740 1793 1023 1845 creditoris
1063 1809 1174 1844 non
1214 1800 1380 1844 amat.

161 1985 413 2031 pote...pote
436 1978 509 2018 Gr.
530 1978 604 2016 Fr.
626 1983 916 2030 pote...potest
945 1977 1029 2016 Wo.
1050 1977 1120 2028 Sp.
1142 1977 1232 2016 Mr.
1429 1981 1506 2017 18.
1569 1977 1762 2018 miserum
1785 1978 1820 2018 F
1840 1980 1914 2032 Sp.

162 2035 235 2074 Fr.
261 2033 384 2073 miser
402 2032 572 2084 Ingolst.
592 2032 723 2071 editor
750 2032 823 2071 Gr.
849 2031 919 2070 Or.
944 2031 1020 2070 Bo.
1053 2032 1138 2070 Wo.
1159 2031 1249 2070 Mr.
1305 2030 1421 2070 cuius
1442 2031 1477 2070 F
1498 2032 1573 2071 Bo.
1607 2032 1692 2072 Wo.
1714 2033 1787 2073 Ri.
1848 2034 1915 2074 cui

166 2088 238 2128 Gr.
255 2089 344 2127 Mr.
362 2100 456 2127 cum
472 2086 545 2139 Sp.
593 2086 697 2138 ingr.
718 2092 779 2125 est
798 2085 1079 2124 misericordia
1100 2085 1134 2124 F
1164 2085 1248 2124 Wo.
1288 2085 1316 2124 i.
1336 2098 1390 2125 m.
1416 2098 1453 2125 e.
1474 2086 1643 2138 Ingolst.
1662 2087 1794 2126 editor
1828 2101 1866 2128 e.
1887 2089 1915 2127 i.

163 2155 216 2181 m.
242 2142 313 2193 Sp.
333 2141 425 2180 Mr.
447 2141 522 2180 Fr.
681 2143 763 2178 21..
820 2139 932 2191 quod
951 2139 992 2178 vi
1012 2139 1264 2191 contingitur
1284 2139 1319 2178 F
1373 2152 1416 2192 q.
1437 2153 1477 2178 v.
1500 2140 1704 2193 contingit
1725 2144 1758 2193 ψ
1813 2155 1854 2195 q.
1875 2156 1915 2181 v.

159 2195 363 2247 contingit
382 2202 427 2235 ut
450 2195 523 2234 Bo.
570 2207 612 2247 q.
632 2207 670 2234 v.
695 2193 899 2246 contingit
918 2206 1043 2246 quam
1068 2194 1186 2245 Casp.
1208 2193 1338 2233 Orelli
1381 2206 1423 2246 q.
1440 2194 1509 2233 vix
1522 2195 1727 2246 contingit
1746 2195 1815 2235 vix
1841 2197 1914 2236 Gr.

165 2250 238 2290 Or.
297 2262 337 2302 q.
361 2249 403 2289 vi
422 2248 626 2300 contingit
644 2248 713 2287 vix
741 2248 826 2287 Wo.
883 2261 925 2299 q.
946 2248 1014 2286 vix
1034 2247 1236 2300 contingit
1263 2260 1404 2287 veram
1432 2248 1506 2287 Rz‘.
1564 2261 1605 2302 q.
1626 2249 1695 2288 vix
1714 2250 1917 2303 contingit

161 2305 255 2357 plus
266 2303 491 2356 voluptatis
502 2303 572 2354 Sp.
602 2301 766 2355 quidvis
780 2302 982 2354 contingit
996 2308 1040 2340 ut
1055 2302 1128 2341 Fr.
1163 2301 1277 2354 quod
1289 2301 1329 2341 vi
1342 2302 1545 2354 contingit
1557 2303 1625 2342 vi?
1644 2302 1705 2352 (in
1716 2311 1915 2356 repartee‚

161 2364 230 2409 yet
248 2365 321 2397 not
340 2356 573 2398 unsuitable
592 2369 637 2396 as
655 2370 681 2395 a
698 2354 886 2407 maxim).
1016 2359 1098 2394 26.
1155 2356 1352 2408 quicquid
1371 2356 1666 2397 vindicandum
1686 2364 1747 2398 est
1767 2358 1802 2397 F
1823 2360 1914 2398 Mr.

160 2412 228 2452 cui
255 2412 356 2465 quid
375 2425 415 2451 v.
436 2425 472 2452 e.
493 2411 629 2450 omnis
658 2411 731 2451 Gr.
757 2410 829 2450 Or.
850 2411 927 2450 Bo.
995 2410 1095 2462 quoi
1119 2410 1221 2462 quid
1241 2423 1279 2448 v.
1302 2423 1338 2450 e.
1366 2410 1501 2450 omnis
1527 2411 1602 2451 Ri.
1633 2412 1718 2451 Wo.
1787 2425 1916 2465 quom

162 2466 263 2519 quid
291 2480 331 2506 v.
361 2479 398 2506 e.
428 2478 468 2505 o.
497 2465 631 2504 Halm
659 2465 732 2504 Ri.
780 2471 840 2504 est
869 2464 1031 2504 occasio
1062 2464 1096 2503 F
1135 2465 1218 2504 Wo.
1248 2465 1319 2516 Sp.
1349 2465 1439 2504 Mr.
1472 2466 1549 2504 Fr.
1606 2478 1646 2505 o.
1676 2479 1713 2506 e.
1742 2467 1915 2519 Ingolst.

161 2520 290 2560 editor
341 2520 404 2559 illi
435 2533 475 2559 0.
505 2532 542 2559 e.
580 2519 627 2558 T.
656 2518 790 2558 Faber
842 2518 879 2558 ei
913 2531 953 2557 o.
988 2531 1024 2558 e.
1059 2518 1132 2558 Ri.
1189 2518 1302 2571 quod
1339 2518 1674 2560 vindicandumst
1706 2527 1916 2572 optumast

162 2574 327 2614 occasio
373 2574 444 2626 Sp.
528 2585 717 2626 quaeque
763 2572 1002 2612 vindicandi
1048 2572 1236 2625 proxima
1289 2573 1448 2625 optima
1495 2580 1556 2613 est
1603 2575 1791 2614 occcasio
1837 2577 1914 2615 Fr.

75 2673 81 2679 .
166 2631 249 2667 27.
305 2634 441 2680 potest
461 2627 496 2667 F
551 2634 650 2680 pote
672 2627 745 2667 Gr.
776 2627 860 2667 Wo.
882 2627 952 2678 Sp.
973 2626 1049 2665 Fr.
1106 2639 1250 2678 sapere
1270 2627 1305 2666 F
1329 2627 1402 2667 Gr.
1427 2627 1500 2667 Or.
1521 2628 1611 2667 Mr.
1668 2641 1817 2680 capere
1841 2630 1914 2670 Gr.

165 2682 237 2721 Ri.
258 2682 330 2733 Sp.
386 2694 530 2734 rapere
558 2682 642 2721 Wo.
699 2680 829 2733 apisci
849 2681 924 2720 Fr.
971 2686 1110 2733 potest
1131 2681 1166 2719 F
1190 2681 1263 2721 Gr.
1284 2686 1355 2721 etc.
1402 2688 1502 2733 pote
1522 2682 1597 2721 Fr.
1710 2686 1791 2722 29.
1844 2684 1916 2736 qui

164 2736 309 2775 obesse
327 2748 422 2775 cum
440 2742 575 2788 potest
593 2747 678 2774 non
704 2735 793 2775 vult
818 2734 986 2787 prodest
1007 2734 1042 2773 F
1098 2734 1268 2786 prodest
1293 2734 1528 2788 quicunque
1553 2736 1698 2776 obesse
1724 2749 1807 2776 non
1827 2738 1916 2777 vult

166 2802 260 2829 cum
293 2796 429 2842 potest
462 2790 535 2829 Gr.
575 2789 646 2829 Or.
680 2789 757 2828 Bo.
813 2789 1047 2841 quicunque
1080 2789 1225 2829 obesse
1253 2802 1349 2829 cum
1379 2795 1515 2841 potest
1553 2802 1637 2829 non
1674 2790 1763 2830 vult
1802 2792 1915 2831 iuvat

166 2841 316 2883 Nauck
370 2843 440 2895 qui
466 2843 611 2883 obesse
636 2855 720 2882 non
746 2842 833 2882 vult
858 2856 951 2882 cum
978 2849 1114 2895 potest
1140 2843 1335 2895 prodesse
1360 2844 1448 2883 vult
1473 2844 1525 2883 L.
1556 2844 1648 2883 and
1668 2846 1724 2884 A.
1747 2846 1919 2898 Spengel

167 2910 208 2950 q.
230 2909 269 2936 o.
291 2909 327 2936 c.
348 2903 482 2949 potest
500 2910 542 2936 n.
562 2910 602 2936 v.
629 2897 797 2949 prodest
822 2897 898 2936 tibi
923 2898 1057 2937 Halm
1087 2897 1171 2936 Wo.
1241 2909 1281 2950 q.
1314 2910 1354 2937 o.
1381 2910 1422 2937 n.
1454 2910 1494 2936 v.
1521 2911 1558 2938 c.
1585 2904 1720 2950 potest
1746 2900 1916 2952 prodest

169 2950 244 2990 tibi
263 2951 334 2990 Ri.
424 2954 511 2989 80.
558 2951 759 2991 concedas
780 2951 814 2990 F
844 2951 928 2990 Wo.
949 2952 1020 2990 Ri.
1041 2952 1112 3003 Sp.
1146 2951 1237 2990 Mr.
1285 2951 1478 2991 concedis
1493 2952 1663 3003 Ingolst.
1683 2952 1816 2993 editor
1837 2955 1911 2994 Gr.

171 3005 243 3044 Or.
264 3005 339 3044 Bo.
360 3004 436 3043 Fr.
475 3004 550 3044 das
569 3005 603 3044 F
623 3005 697 3044 Fr.
735 3005 810 3044 des
837 3006 920 3045 Wo.
941 3006 1012 3045 Ri.
1033 3006 1103 3057 Sp.
1126 3006 1214 3045 Mr.
1300 3009 1385 3044 82.
1425 3006 1600 3045 nimium
1628 3006 1688 3046 illi
1722 3015 1845 3060 negat
1880 3008 1916 3047 F

167 3058 303 3107 nimis,
339 3058 442 3097 nulli
472 3065 594 3111 negat
632 3059 704 3099 Gr.
743 3059 815 3098 Or.
837 3059 922 3099 ·Bo.
978 3059 1100 3099 nimis
1127 3059 1230 3099 nulli
1258 3059 1395 3112 placet
1424 3059 1577 3099 Nauck
1611 3061 1684 3100 Ri.
1741 3061 1916 3102 nimium

316 3138 361 3179 P.
391 3138 431 3179 s.
1745 3143 1774 3195 3
