2232 3522
361 258 426 295 22
785 258 1057 299 PUBLILII
1095 261 1232 302 SYRI
1271 262 1679 304 SENTENTIAE.

301 389 514 465 [sMalo
552 390 606 442 in
645 392 874 444 consilio
912 392 1149 445 feminae
1186 394 1410 445 vincunt
1447 394 1603 446 viros.

360 476 512 529 Mala
550 485 633 530 est
670 478 925 531 voluntas
964 480 1033 531 ad
1074 479 1310 531 alienum
1350 498 1673 533 assuescere.

469 565 724 618 Maximo
762 566 965 633 periclo
1003 567 1323 629 custoditur,
1361 568 1509 634 quod
1549 568 1737 620 multis
1774 568 1968 635 placet.
2026 579 2106 632 360

292 658 340 693 ‘s'
358 652 511 704 Mala
550 659 633 704 est
671 653 958 715 medicina,
997 653 1091 704 ubi
1130 652 1336 720 aliquid
1378 662 1605 706 naturae
1642 655 1796 722 perit.

285 752 336 788 20
359 738 544 790 Malae
582 747 810 791 naturae
849 756 1152 806 numquam
1193 741 1418 792 doctore
1458 741 1720 809 indigent.

358 826 603 878 Misereri
642 828 779 878 scire
817 827 935 878 sine
973 826 1177 894 periclo
1215 835 1298 878 est
1335 828 1529 881 vivere.

289 912 507 970 &Male
544 914 750 975 vivunt,
790 915 882 981 qui
922 931 980 965 se
1017 930 1235 980 semper
1271 914 1510 965 victuros
1550 922 1761 982 putant.

357 999 718 1052 Maledictum
759 999 1174 1067 interpretando
1213 994 1381 1050 facias
1420 1001 1609 1053 acrius.
2026 1012 2101 1066 365

356 1086 508 1138 Male
546 1103 732 1138 secum
771 1086 887 1154 agit
924 1102 1100 1153 aeger,
1141 1086 1415 1137 medicum
1455 1087 1548 1153 qui
1587 1087 1844 1139 heredem
1884 1087 2027 1140 facit.

247 1168 333 1229 MS
358 1173 543 1224 Minus
582 1173 866 1240 decipitur,
904 1172 990 1223 cui
1029 1179 1264 1238 negatur
1300 1171 1558 1225 celeriter.

356 1260 541 1310 Mutat
578 1276 638 1310 se
675 1258 895 1310 bonitas
933 1257 1144 1309 irritata
1182 1258 1391 1309 iniuria.

286 1344 557 1401 *s‘Mulier
593 1361 718 1396 cum
758 1343 877 1395 sola
914 1343 1136 1411 cogitat,
1177 1343 1322 1395 male
1359 1345 1582 1411 cogitat.

313 1430 507 1494 s‘Male
534 1429 711 1482 facere
737 1430 830 1497 qui
857 1429 990 1492 vult,
1019 1447 1323 1497 numquam
1352 1447 1462 1481 non
1490 1447 1714 1482 causam
1742 1431 1966 1483 invenit.
2026 1454 2106 1494 370

357 1515 664 1567 Malevolus
702 1533 919 1583 semper
956 1533 1053 1567 sua
1092 1524 1289 1567 natura
1326 1517 1576 1567 vescitur.

56 1625 198 1638 -ἣ
236 1573 333 1665 Α
356 1602 566 1655 Multos
603 1603 797 1655 timere
835 1603 1015 1667 debet,
1053 1619 1217 1670 quern
1257 1603 1415 1654 multi
1454 1603 1666 1654 timent.

265 1688 506 1761 glMale
543 1689 868 1757 imperando
906 1707 1185 1741 summum
1224 1690 1515 1756 imperium
1554 1691 1840 1744 amittitur.

355 1777 569 1839 Mulier,
606 1794 748 1845 quae
787 1776 975 1828 multis
1014 1776 1185 1837 nubit,
1225 1776 1413 1828 multis
1454 1794 1563 1828 non
1603 1777 1801 1845 placet.

273 1870 331 1921 Ψ
355 1863 663 1917 Malevolus
702 1865 920 1916 animus
958 1863 1179 1915 abditos
1218 1863 1413 1915 dentes
1450 1864 1631 1916 habet.
2023 1887 2099 1930 375

358 1986 431 2026 Gr.
457 1986 530 2025 Or.
550 1987 626 2025 Bo.
656 1986 739 2025 Wo.
763 1986 834 2025 Ri.
859 1986 934 2025 Fr.
1102 1989 1180 2024 1⁷.
1238 1984 1429 2024 voluntas
1449 1994 1546 2024 MSS.
1567 1985 1658 2024 Mr.
1678 1986 1752 2024 Fr.
1808 1985 1999 2038 voluptas
2017 1986 2100 2026 Er.

357 2038 430 2079 Gr.
473 2040 544 2079 Or.
581 2041 656 2080 Bo.
703 2041 786 2080 Wo.
821 2040 895 2080 Ri.
929 2039 1000 2091 Sp.
1057 2038 1112 2078 ad
1143 2038 1324 2078 alienum
1357 2051 1623 2078 consuescere
1656 2049 1752 2079 MSS.
1791 2040 1863 2079 Gr.
1898 2040 1968 2080 Or.
2011 2040 2096 2080 Wo.

353 2093 499 2133 alienis
517 2094 756 2134 adsuescere
771 2094 851 2134 Er.
900 2094 952 2133 ad
972 2093 1154 2132 alienum
1173 2093 1413 2132 adsuescere
1431 2093 1507 2132 Bo.
1521 2092 1595 2131 Ri.
1642 2093 1697 2132 ad
1715 2092 1896 2133 alienum
1915 2106 2101 2134 suescere

352 2148 484 2187 Halm
506 2148 577 2199 Sp.
632 2147 814 2188 alienum
833 2148 1048 2188 resciscere
1066 2148 1141 2186 Fr.
1275 2151 1353 2185 18.
1411 2146 1593 2199 periculo
1613 2156 1707 2187 MSS.
1734 2147 1888 2200 periclo
1911 2149 1984 2187 Gr.
2015 2149 2100 2188 Wo.

353 2202 423 2254 Sp.
444 2202 534 2241 Mr.
590 2202 701 2241 malo
726 2203 803 2241 Fr.
859 2202 1087 2242 custoditur
1113 2210 1210 2241 MSS.
1242 2201 1315 2240 Gr.
1345 2201 1427 2240 Wo.
1452 2202 1524 2253 Sp.
1543 2201 1631 2239 Mr.
1689 2201 1868 2241 custodit
1894 2214 1999 2241 unus
2023 2203 2098 2242 Fr.

357 2259 434 2296 19.
493 2255 603 2295 mala
628 2261 690 2295 est
714 2256 919 2296 medicina
945 2265 1042 2295 MSS.
1074 2256 1145 2295 Gr.
1186 2255 1268 2294 Wo-
1296 2255 1367 2307 Sp.
1387 2255 1477 2294 Mr.
1533 2254 1687 2294 malum
1714 2261 1775 2294 est
1801 2255 2028 2295 remedium
2048 2256 2098 2295 F.

354 2313 439 2347 24.
496 2309 604 2350 male
629 2322 767 2349 secum
794 2310 880 2363 agit
905 2323 1028 2362 aeger
1053 2308 1261 2350 medicum
1291 2318 1388 2348 Mss.
1409 2310 1491 2348 Er.
1517 2309 1589 2348 Gr.
1619 2309 1688 2348 Be.
1718 2309 1791 2348 Or.
1811 2309 1887 2348 Bo.
1919 2310 2000 2350 Wo.
2021 2310 2096 2349 Ri-

351 2364 442 2403 Mr.
499 2364 607 2403 male
633 2376 771 2403 secum
796 2364 881 2416 agit
906 2364 1112 2403 medicum
1138 2375 1259 2414 aeger
1286 2363 1356 2414 Sp.
1412 2361 1521 2401 male
1546 2361 1631 2414 agit
1657 2375 1794 2402 secum
1824 2376 1946 2415 aeger
1968 2364 2098 2403 medi-

351 2430 446 2457 cum
465 2418 540 2456 Fr.
679 2421 759 2457 26.
818 2431 910 2458 cum
930 2418 1119 2457 inritatur
1139 2417 1214 2456 PR
1233 2429 1327 2456 cum
1346 2416 1527 2456 irritatur
1547 2416 1632 2457 FC.
1687 2430 1782 2456 cum
1802 2417 2004 2469 irrogatur
2024 2427 2099 2457 MS.

352 2471 401 2511 of
413 2472 494 2511 Ρη.
555 2484 648 2511 cum
674 2471 806 2512 irrites
823 2472 904 2512 Er.
960 2472 1119 2511 irritata
1143 2472 1210 2510 Ps.
1247 2471 1320 2510 Gr.
1346 2471 1417 2510 Or.
1443 2471 1520 2510 Bo.
1551 2471 1633 2510 Wo.
1663 2471 1736 2509 Rz’.
1764 2471 1834 2523 Sp.
1855 2472 1943 2511 Mr.
2004 2484 2098 2511 cum

352 2526 486 2565 inruat
506 2538 550 2565 se
568 2526 642 2565 Fr.
667 2526 753 2577 Hg.
954 2530 1037 2564 29.
1094 2538 1168 2565 sua
1186 2530 1331 2564 natura
1349 2524 1526 2563 vescitur
1545 2524 1604 2563 Pa
1625 2524 1701 2563 RF
1720 2525 1802 2563 Er.
1827 2525 1900 2564 Gr.
1921 2525 1993 2565 Be.
2023 2526 2095 2565 Or.

351 2580 428 2619 Bo.
466 2579 549 2620 Wo.
579 2579 650 2618 Ri.
678 2579 747 2631 Sp.
778 2580 867 2618 Mr.
923 2586 1070 2620 natura
1095 2592 1169 2619 sua
1193 2578 1371 2618 vescitur
1395 2579 1426 2617 Z
1452 2578 1659 2617 nascitura
1685 2578 1747 2617 Pb
1772 2579 1944 2619 vestitur
1968 2579 2003 2620 C
2023 2592 2097 2619 sua

353 2646 511 2673 venena
530 2633 708 2686 pascitur
727 2634 801 2672 Fr.
858 2633 901 2672 Ψ
920 2633 1043 2683 [from
1063 2634 1122 2683 Π]
1144 2633 1212 2685 (F)
1233 2633 1307 2672 has
1328 2632 1486 2683 33—68
1503 2647 1515 2681 ;
1536 2632 1577 2670 Ψ
1598 2632 1709 2671 Bart.
1730 2631 1835 2672 have
1856 2645 1920 2684 34.
1943 2645 2008 2684 35.
2030 2643 2096 2685 37.

353 2701 417 2740 43.
456 2698 522 2739 45.
557 2697 623 2738 47.
658 2689 724 2739 48.
761 2699 825 2739 50.
862 2698 925 2739 53.
963 2698 1026 2738 54.
1063 2697 1232 2739 57—59.
1273 2685 1447 2736 62—65.
1477 2685 1514 2726 6.
1554 2696 1589 2738 7.
1626 2685 1754 2737 (Bart.
1785 2687 1979 2739 omitting
2012 2689 2096 2737 50).

437 2829 517 2862 18.
574 2821 639 2863 Cf.
678 2822 959 2874 Hieronymus
992 2822 1086 2862 adv.
1121 2821 1259 2862 levin.
1299 2831 1330 2860 1.
1366 2820 1435 2860 fin.
1475 2821 1684 2861 “difficile
1717 2824 1947 2863 custoditur
1983 2824 2096 2877 quod

351 2893 489 2946 plures
508 2890 691 2932 amant.''

433 2964 519 3000 22.
574 2959 641 3001 Cf.
663 2960 834 3005 Seneca,
854 2959 988 3011 Epist.
1014 2969 1078 3008 23.
1107 2970 1169 2999 10.

434 3033 521 3068 80.
578 3028 643 3070 Cf.
665 3028 865 3068 Laberius
887 3028 917 3049 “
930 3027 1113 3067 Necesse
1132 3033 1194 3067 est
1214 3027 1366 3067 multos
1384 3029 1543 3074 timeat,
1563 3041 1686 3080 quem
1706 3029 1826 3069 multi
1845 3030 2035 3071 timent.'’
