2232 3522
200 1431 308 1475 224.

202 1538 310 1587 225.

201 1714 310 1760 226.

201 1838 309 1886 227.

201 1939 310 1985 228.

200 2142 308 2188 229.

203 2667 312 2713 230.

204 2948 311 2994 231.

207 3057 314 3103 232.

826 280 1317 323 INTRODUCTION.
1867 269 1943 321 liii

396 408 519 457 nihil
556 409 805 472 antiquius
841 410 1029 470 habuit,
1066 426 1216 473 quarn
1253 418 1309 458 ut
1346 409 1577 459 omnibus
1616 409 1722 459 sine
1759 408 1945 459 iudicio

396 489 642 553 congestis
665 506 844 539 vanam
869 490 1124 554 gloriolam
1149 499 1370 553 captaret
1403 507 1641 554 suamque
1673 490 1944 540 editionem

395 569 632 630 omnium,
669 586 798 632 quae
838 571 1080 620 hactenus
1117 572 1281 620 lucem
1317 571 1570 630 vidissent,
1607 570 1944 634 plenissimam

395 668 503 701 esse
543 653 878 715 praedicaret.'
950 654 1067 702 And
1103 651 1342 717 speaking
1375 655 1435 703 of
1475 656 1570 703 No.
1614 670 1724 716 229,
1765 654 1946 700 ‘Hanc

395 743 585 782 tantam
620 733 787 782 iudicii
823 733 1192 797 perversitatem
1227 735 1423 784 duobus
1452 734 1592 783 annis
1626 743 1741 797 post
1770 733 1946 797 iterum

395 816 628 880 prodidit,
647 833 761 866 cum
787 817 1055 866 sententias
1080 816 1347 866 Bothianas
1372 819 1484 880 plus
1508 833 1659 880 quam
1684 823 1945 873 trecentas,

396 914 519 961 quas
574 898 681 961 ipse
735 915 795 947 ex
851 898 1050 947 incertis
1107 898 1328 947 fontibus
1386 899 1588 947 haustas
1645 913 1755 946 esse
1812 905 1946 945 recte

395 979 711 1039 intellexerat,
750 979 1083 1043 supplementi
1117 981 1231 1029 loco
1269 979 1445 1028 iterum
1485 980 1706 1028 edendas
1744 976 1943 1026 curavit.

397 1061 679 1123 Quominus
716 1071 884 1111 tamen
920 1060 1219 1111 editionem'
1254 1062 1371 1124 (No.
1414 1060 1531 1125 223)
1571 1062 1762 1110 ‘bonae
1796 1059 1947 1123 frugis

397 1153 645 1207 expertem
697 1160 804 1193 esse
851 1143 1031 1205 dicam,
1079 1143 1346 1207 prohibent
1390 1159 1506 1192 cum
1553 1144 1663 1203 alia,
1712 1152 1819 1200 tum
1866 1142 1948 1191 ad-

396 1226 677 1275 notationes
703 1226 948 1289 quaedam
967 1228 1011 1288 J.
1031 1225 1235 1289 Caspari
1256 1225 1427 1276 Orellii
1445 1225 1545 1274 suis
1564 1224 1686 1274 locis
1704 1222 1948 1273 insertae.'

402 1321 493 1368 791
522 1307 744 1367 iambics,
772 1309 833 1369 83
860 1307 1102 1356 trochaics
1127 1308 1229 1356 and
1259 1323 1349 1366 142
1377 1322 1523 1370 prose
1548 1305 1858 1355 sentences*

382 1417 445 1463 N.
475 1417 529 1464 L.
557 1415 837 1465 Achaintre.
913 1421 1006 1464 120.
1080 1418 1184 1464 Par.
1265 1417 1406 1464 1822.
1477 1415 1612 1464 With
1637 1416 1904 1465 Phaedrus.

385 1525 443 1574 G.
475 1526 542 1572 H.
572 1526 908 1573 Luenemann.
983 1527 1046 1573 80.
1120 1527 1256 1575 Gott.
1335 1529 1475 1588 1823.
1535 1525 1669 1575 With
1695 1526 1948 1576 Phaedrus

399 1614 489 1654 ete.
519 1605 570 1653 in
594 1607 688 1655 vol.
715 1605 811 1655 viii.
838 1607 895 1656 of
913 1607 996 1656 the
1021 1605 1331 1656 Bibliotheca
1355 1610 1586 1656 Romana
1609 1606 1843 1658 Classica.

384 1712 603 1762 Gouriet.
682 1719 774 1763 120.
846 1716 1031 1763 Turon.
1109 1716 1251 1776 1823.
1322 1713 1456 1763 With
1481 1714 1750 1763 Phaedrus.

388 1830 480 1874 12⁰.
554 1822 796 1891 [Detrez.]
868 1826 974 1874 Par.
1051 1826 1190 1886 1823.

388 1936 480 1984 18⁰.
554 1932 633 2000 [T.
686 1932 947 2001 Davison.]
1019 1935 1180 1984 Lond.
1259 1936 1349 1982 182
1356 1950 1399 1996 3.
1471 1933 1605 1983 With
1664 1934 1949 1995 Phaedrus;

402 2031 494 2080 245
522 2016 728 2066 iambics
754 2018 854 2066 and
881 2031 940 2078 27
968 2016 1259 2066 trochaica*

381 2127 425 2189 J.
462 2127 611 2176 Conr.
645 2125 871 2176 OrelliuS.
945 2128 1008 2173 80.
1081 2127 1213 2189 Lips.
1292 2129 1431 2186 1824.
1508 2126 1949 2189 ‘Supplementum

399 2207 631 2257 editionis
685 2206 957 2271 Lipsiensis
1010 2207 1308 2258 novissimae
1361 2208 1719 2257 sententiarum
1780 2207 1946 2257 Publii

399 2289 503 2351 Syri
559 2298 607 2338 et
663 2290 727 2337 D.
778 2288 975 2338 Laberii
1026 2289 1289 2339 continens
1343 2289 1720 2339 emendationes
1772 2298 1822 2338 et
1867 2305 1951 2338 an-

399 2370 681 2419 notationes
723 2372 777 2420 F.
824 2373 891 2419 H.
932 2364 1099 2420 Bothii
1140 2381 1190 2421 et
1230 2371 1449 2421 censoris
1493 2370 1949 2436 Heidelbergiensis

399 2469 495 2501 nec
535 2469 638 2501 non
679 2452 950 2502 sententias
991 2468 1147 2501 novas
1193 2454 1302 2516 plus
1349 2467 1498 2515 quam
1545 2454 1661 2502 ccc’
1706 2451 1847 2517 (326)
1894 2456 1952 2501 ‘a

402 2534 583 2583 Bothio
619 2534 917 2584 collectas.'*

388 2657 483 2711 24⁰.
558 2653 702 2700 Eton.
781 2654 921 2711 1824.
995 2650 1129 2700 With
1177 2651 1432 2700 Phaedrus
1449 2668 1463 2712 3
1513 2649 1707 2699 ‘Publii
1752 2649 1856 2713 Syri
1903 2658 1953 2699 et

401 2734 610 2782 aliorum
634 2732 909 2782 sententiae
935 2749 996 2782 ex
1019 2731 1308 2782 recensione
1338 2731 1576 2793 Bentleii;
1612 2731 1766 2781 editio
1798 2732 1951 2782 altera

402 2813 637 2879 castigata
660 2823 710 2864 et
734 2814 977 2878 prioribus
1001 2812 1265 2863 correctior
1281 2815 1291 2834 ’
1310 2831 1324 2873 3
1362 2813 1565 2862 without
1589 2823 1747 2862 notes.

385 2932 448 2979 N.
476 2933 530 2980 L.
554 2930 834 2980 Achaintre.
912 2936 1004 2979 120.
1078 2932 1184 2978 Par.
1262 2931 1404 2989 1824.
1475 2929 1609 2978 With
1637 2929 1902 2978 Phaedrus.

392 3045 486 3089 120.
559 3037 623 3106 [J.
653 3037 851 3107 Carey.]
922 3042 1028 3088 Par.
1106 3041 1251 3100 1824.
1317 3041 1452 3090 With
1477 3041 1743 3091 Phaedrus.
