2232 3522
666 266 935 307 PUBLILII
975 265 1112 306 SYRI
1152 266 1561 308 SENTENTIAE.
1918 268 1985 322 27

163 401 215 437 40
243 392 515 442 Nimium
552 392 900 443 altercando
937 392 1163 443 veritas
1200 393 1514 443 amittitur.

240 475 412 528 Nullo
450 477 503 527 in
545 476 666 528 loco
705 476 850 528 male
887 477 1042 529 audit
1081 477 1466 529 misericordia.

240 562 558 614 Necessitas
595 545 745 631 quod
784 563 942 625 celat,
980 563 1181 615 frustra
1217 564 1510 631 quaeritur.
1906 588 1985 627 455

238 649 552 701 Necessitas
590 666 756 717 quam
796 650 1055 717 pertinax
1094 667 1325 717 regnum
1364 652 1548 703 tenet!

161 718 234 779 bs
237 736 422 788 Nemo
459 737 752 789 immature
791 739 1034 799 moritur,
1073 738 1166 805 qui
1205 739 1435 790 moritur
1474 740 1648 791 miser.

160 829 212 865 4⁵
236 824 547 877 Nocentem
586 826 679 892 qui
717 825 982 887 defendit,
1020 825 1123 876 sibi
1162 825 1368 876 crimen
1407 827 1563 893 parit.

236 911 331 964 Nil
371 929 481 964 non
519 921 618 965 aut
654 912 791 965 lenit
828 920 925 964 aut
963 914 1157 965 domat
1197 913 1545 964 diuturnitas

236 998 330 1049 Nil
370 1007 530 1066 turpe
568 999 740 1051 ducas
778 1016 880 1067 pro
918 999 1114 1051 salutis
1154 999 1413 1050 remedio,
1906 1007 1989 1059 460

235 1083 365 1135 Noli
403 1093 755 1137 contemnere
793 1103 872 1147 ea,
913 1103 1056 1153 quae
1094 1103 1342 1137 summos
1380 1085 1686 1137 sublevant.

234 1171 329 1223 Nil
368 1172 521 1224 aliud
558 1175 661 1225 scit
699 1174 1011 1232 necessitas,
1052 1190 1220 1240 quam
1259 1174 1489 1225 vincere.

0 1246 209 1330 Q
234 1260 418 1311 Nemo
456 1260 707 1312 timendo
744 1261 815 1312 ad
855 1277 1134 1311 summum
1174 1261 1423 1327 pervenit
1461 1259 1659 1312 locum.

233 1345 356 1397 Nisi
397 1363 494 1414 per
531 1354 587 1398 te
625 1348 824 1415 sapiaS,
866 1346 1067 1399 frustra
1104 1347 1412 1414 sapientem
1451 1347 1657 1398 audias

234 1431 566 1484 Necessitati
606 1433 826 1500 sapiens
865 1432 998 1484 nihil
1037 1449 1304 1500 umquam
1344 1440 1527 1500 negat.
1904 1442 1983 1495 465

232 1517 362 1569 Non
403 1517 563 1569 facile
600 1519 671 1570 de
709 1520 1002 1571 innocente
1040 1519 1246 1570 crimen
1285 1518 1526 1586 fingitur.

232 1602 483 1655 Nimium
523 1604 655 1656 boni
695 1614 780 1658 est
818 1607 873 1657 in
914 1614 1108 1667 morte,
1146 1622 1274 1657 cum
1313 1604 1390 1656 nil
1430 1606 1502 1657 sit
1540 1605 1687 1667 mali.

156 1700 207 1736 δῦ
341 1689 414 1741 Ni
453 1692 658 1758 gradus
687 1700 954 1755 servetur,
993 1691 1127 1743 nulli
1166 1699 1320 1744 tutus
1358 1699 1442 1744 est
1479 1708 1731 1744 summus
1770 1691 1938 1743 locus..

232 1775 325 1827 Nil
365 1784 448 1827 est
489 1778 753 1840 miseriuS,
791 1796 959 1847 quam
999 1778 1093 1830 ubi
1131 1780 1304 1846 pudet
1342 1779 1493 1847 quod
1532 1778 1740 1830 feceris.

231 1861 350 1914 Nec
380 1872 613 1915 mortem
648 1863 888 1931 effugere
922 1865 1214 1932 quisquam
1248 1883 1349 1918 nec
1383 1881 1630 1917 amorem
1664 1871 1863 1932 potest.
1902 1886 1986 1927 470

229 1950 635 2002 Necessitatem
675 1952 830 2014 ferre,
870 1969 981 2003 non
1021 1952 1151 2004 flere
1188 1953 1438 2005 addecet.

154 2052 205 2089 σε
230 2036 552 2106 Numquam
594 2038 806 2091 facilius
844 2039 1022 2107 culpa,
1060 2057 1228 2107 quam
1268 2041 1323 2091 in
1363 2039 1527 2092 turba
1565 2038 1717 2090 latet.

157 2125 202 2176 Z
230 2125 360 2176 Non
399 2126 519 2178 leve
558 2126 888 2179 beneficium
927 2134 1175 2195 praestat
1212 2128 1306 2194 qui
1346 2126 1585 2178 breviter
1623 2133 1804 2193 negat.

226 2346 318 2385 Mr.
349 2345 432 2384 Wo.
454 2345 496 2384 h.,
518 2344 748 2385 facunditas
767 2345 841 2384 Fr.
901 2347 990 2383 40.
1038 2343 1232 2383 evertitur
1251 2343 1368 2395 FSp.
1393 2343 1594 2383 amittitur
1612 2343 1723 2384 Gen.
1741 2344 1872 2383 Macr.
1898 2342 1980 2382 Er.

232 2399 304 2439 Gr.
328 2400 404 2439 Bo.
436 2399 519 2438 Wo.
542 2400 608 2438 Ri.
634 2399 723 2438 Mr.
749 2397 951 2438 emittitur
971 2397 1103 2437 Palat.
1125 2398 1255 2437 Macr.
1278 2397 1474 2438 avertitur
1492 2399 1567 2437 Fr.
1650 2402 1737 2436 48.
1794 2410 1977 2437 summos

227 2452 366 2493 levant
392 2454 427 2493 F
454 2453 670 2493 sublevant
696 2465 879 2493 summos
909 2454 941 2503 ψ
968 2465 1151 2492 summos
1179 2451 1394 2492 sublevant
1432 2452 1516 2492 Wo.
1548 2453 1619 2503 Sp.
1646 2452 1738 2491 Mr.
1762 2452 1847 2491 ima
1870 2464 1978 2503 quae

162 2538 168 2544 .
227 2519 410 2547 summos
428 2507 567 2547 levant
585 2509 660 2547 Fr.
853 2511 934 2545 64.
990 2519 1085 2546 cum
1106 2506 1141 2545 F
1160 2506 1229 2558 Sp.
1253 2506 1343 2546 Mr.
1366 2507 1440 2545 Fr.
1462 2506 1527 2546 cui
1556 2506 1641 2546 Wo.
1663 2506 1784 2555 (from
1806 2504 1977 2545 Ennius’

227 2561 401 2600 nimium
433 2562 533 2601 boni
567 2568 627 2601 est
661 2561 727 2600 cui
759 2560 818 2600 nil
852 2559 951 2600 mali
983 2566 1044 2600 est
1077 2560 1234 2612 quoted
1270 2560 1326 2612 by
1359 2560 1506 2600 Cicero
1538 2560 1592 2600 de
1620 2560 1689 2599 fin.
1725 2573 1764 2600 2.
1799 2572 1860 2611 13.
1890 2561 1976 2610 41).

228 2618 310 2653 3⁹.
366 2628 592 2668 numquam
613 2616 682 2666 Ἑψ
703 2616 772 2667 Sp.
794 2615 869 2654 Fr.
889 2627 1092 2667 nusquam
1122 2615 1205 2654 Wo.
1229 2615 1320 2653 Mr.
1369 2615 1398 2653 Ζ
1419 2614 1490 2666 (Τ)
1511 2614 1586 2654 has
1609 2630 1649 2666 4.
1670 2614 1737 2656 60.
1757 2628 1825 2665 45.
1847 2627 1911 2653 αι.
1935 2625 1970 2664 7.

227 2679 294 2720 47.
318 2681 340 2709 2
345 2683 382 2720 5.
633 2673 718 2709 60.
774 2669 845 2722 qui
865 2669 918 2709 de
936 2668 1051 2708 brevi
1070 2668 1283 2708 renunciat
1303 2668 1340 2707 T
1360 2669 1432 2720 qui
1450 2668 1630 2709 breviter
1648 2674 1772 2721 negat
1794 2669 1884 2707 Alr.
1906 2666 1977 2720 qui

227 2722 310 2762 cito
329 2729 452 2775 negat
475 2723 548 2763 Or.

414 2967 504 3003 40.
560 2963 728 3015 Quoted
748 2964 803 3016 by
822 2963 983 3004 Gellius
1005 2977 1066 3015 17.
1093 2978 1140 3015 14
1159 2965 1243 3004 and
1265 2964 1517 3014 Macrobius,
1541 2966 1627 3005 Sat.
1651 2978 1689 3004 2.
1714 2976 1749 3016 7.

417 3036 499 3070 34.
556 3030 622 3073 Cf.
643 3031 791 3072 Cicero
813 3030 1021 3083 (Ennius),
1044 3032 1184 3085 defin.
1210 3046 1248 3073 2·
1275 3046 1335 3085 13.
1355 3046 1423 3084 41.
