2232 3522
296 232 361 285 32
720 232 991 274 PUBLILII
1033 233 1169 274 SYRI
1210 234 1615 276 SENTENTIAE.

220 376 270 412 σο
295 361 502 414 Pericla
539 363 634 431 qui
672 364 840 415 audet
878 372 1008 416 ante
1046 365 1231 428 vincit,
1269 383 1437 433 quam
1477 367 1694 434 accipit.

186 521 188 523 Ι
296 450 569 516 Perpetuo
606 451 791 512 vincit,
828 452 922 518 qui
961 452 1133 504 utitur
1170 453 1476 505 clementia.

129 534 180 601 y
225 533 269 583 Z
295 536 481 588 Plures
519 538 728 589 amicos
768 555 958 590 mensa
996 555 1164 605 quam
1204 557 1360 591 mens
1399 541 1656 607 concipit.
1965 564 2046 605 540

217 623 266 674 Ο
295 624 585 675 Prudentis
624 632 707 675 est
746 624 964 676 irascier
1002 642 1123 676 sero
1162 633 1216 677 et
1255 625 1439 677 semel.

295 713 397 763 Per
433 729 596 779 quem
637 712 708 762 sis
748 711 938 773 claruS,
978 712 1054 762 illi
1093 713 1243 779 quod
1282 713 1357 763 sis
1397 712 1650 779 imputeS.

220 818 270 854 55
296 799 512 850 Poenae
550 806 635 850 sat
674 806 771 861 est,
810 799 903 865 qui
943 798 1102 850 laesit
1140 816 1267 850 cum
1306 799 1546 867 supplex
1583 800 1749 853 venit.

211 936 269 986 Ψ
294 931 564 999 Quamvis
603 949 711 983 non
752 939 976 994 rectum,
1015 934 1165 1000 quod
1205 934 1371 995 iuvat,
1412 942 1622 985 rectum
1662 942 1838 1001 putes,

294 1016 570 1085 Quicquid
611 1035 807 1070 nocere
846 1019 1050 1081 didicit,
1092 1022 1345 1073 meminit
1382 1038 1508 1073 cum
1548 1028 1747 1089 potest.
1966 1044 2043 1086 545

235 1150 240 1156 ,
296 1102 406 1171 Qui
446 1105 643 1156 metuit
680 1104 1069 1166 calamitatem,
1109 1106 1281 1158 rarius
1319 1108 1533 1175 accipit.

158 1200 199 1250 (s
296 1190 479 1258 Quam
519 1193 778 1243 miserum
818 1199 900 1243 est
940 1200 1175 1244 mortem
1216 1210 1415 1261 cupere
1453 1210 1555 1245 nec
1594 1210 1756 1260 posse
1795 1193 1997 1245 emori!

175 1303 197 1341 μ
247 1296 272 1331 5
298 1276 406 1344 Qui
445 1295 545 1345 pro
583 1278 876 1329 innocente
915 1279 1064 1341 dicit,
1101 1280 1235 1331 satis
1275 1287 1360 1331 est
1398 1280 1678 1347 eloquenS.

297 1364 407 1433 Qui
447 1382 572 1417 cum
612 1365 765 1417 dolet
803 1365 1098 1429 blanditur,
1137 1374 1265 1434 post
1303 1374 1522 1434 tempus
1561 1367 1720 1433 sapit.

296 1451 461 1519 Quod
500 1453 698 1504 timeas
736 1453 896 1504 citius
934 1470 1100 1519 quam
1141 1454 1290 1521 quod
1330 1471 1513 1521 speres
1551 1454 1746 1506 evenit.
1967 1475 2046 1516 550

295 1539 461 1607 Quod
499 1540 616 1592 vult
654 1540 926 1607 cupiditas
965 1542 1188 1607 cogitat,
1227 1558 1337 1592 non
1377 1541 1527 1608 quod
1567 1541 1739 1592 decet.

296 1625 572 1695 Quicquid
612 1628 840 1688 conariS‚
879 1644 989 1694 quo
1028 1629 1316 1695 pervenias
1354 1629 1578 1696 cogiteS.

221 1730 270 1766 10
296 1713 406 1781 Qui
444 1715 586 1766 bene
624 1714 948 1774 dissimulat,
987 1715 1147 1766 citius
1186 1715 1409 1766 inimico
1448 1723 1625 1767 nocet.

296 1799 461 1866 Quod
501 1818 718 1867 semper
755 1809 839 1852 est
877 1808 1148 1867 paratum,
1187 1818 1298 1852 non
1337 1818 1556 1869 semper
1594 1801 1757 1853 iuvat.

295 1886 700 1955 Quodcumque
738 1887 897 1949 celeS‚
936 1888 1054 1954 ipse
1090 1887 1191 1939 tibi
1231 1887 1330 1939 fias
1367 1889 1546 1940 timor.
1968 1907 2045 1949 555

294 1971 404 2039 Qui
444 1973 819 2025 iusiurandum
859 1981 1054 2036 servat,
1093 1975 1288 2041 quovis
1326 1975 1589 2041 pervenit.

294 2058 459 2125 Quod
500 2067 652 2110 aetas
689 2060 882 2111 vitium
924 2061 1123 2127 posuit,
1163 2068 1316 2111 aetas
1356 2059 1578 2111 auferet.

221 2156 270 2192 15
295 2143 718 2213 Quemcumque
756 2147 969 2213 quaerit
1007 2147 1307 2209 calamitaS,
1346 2147 1505 2199 facile
1543 2147 1766 2198 invenit.

295 2229 459 2297 Quod
499 2232 661 2298 periit
699 2232 886 2299 quaeri
925 2240 1072 2299 pote,
1110 2233 1365 2300 reprendi
1405 2250 1515 2284 non
1555 2239 1753 2300 potest.

294 2359 358 2398 33
383 2360 448 2398 34.
470 2360 533 2396 40.
561 2360 599 2398 3.
621 2364 658 2397 4.
868 2351 949 2386 62.
1005 2348 1099 2399 plus
1117 2347 1273 2387 amicos
1292 2360 1435 2387 mensa
1454 2360 1578 2400 quam
1599 2359 1716 2386 mens
1734 2345 1914 2398 concipit
1933 2344 2044 2384 bona

292 2401 330 2439 T
355 2401 493 2452 plures
517 2414 555 2439 a.
583 2414 638 2439 m.
664 2414 705 2453 q.
731 2414 848 2441 mens
874 2414 908 2441 c.
928 2402 1149 2441 Buecheler
1171 2402 1261 2440 Mr.
1282 2401 1421 2454 plures
1447 2414 1485 2440 a.
1512 2414 1569 2440 m.
1591 2414 1633 2452 q.
1653 2401 1764 2439 bona
1789 2413 1904 2440 mens
1929 2399 2041 2450 capit

293 2455 368 2493 Fr.
426 2455 465 2495 O
484 2454 558 2494 has
580 2468 644 2505 40.
669 2469 732 2507 43.
761 2467 823 2507 53.
851 2467 915 2516 54.
938 2467 1003 2507 55.
1204 2460 1288 2494 68.
1344 2455 1462 2495 irasci
1482 2462 1523 2495 et
1541 2467 1633 2495 sero
1651 2460 1692 2494 et
1712 2455 1839 2494 semel
1859 2453 1929 2494 O
1918 2466 1945 2492 1.
1966 2465 2043 2493 nec

292 2521 382 2548 sero
401 2522 477 2548 nec
497 2508 624 2548 semel
643 2510 733 2548 Mr.
754 2509 918 2549 irascier
936 2522 1027 2549 sero
1048 2515 1088 2549 et
1108 2510 1235 2549 semel
1255 2510 1331 2548 Fr.
1461 2514 1542 2547 ⁵4.
1600 2521 1673 2560 per
1691 2521 1815 2561 quem
1835 2507 1890 2547 sis
1909 2506 2042 2548 clarus

294 2562 333 2602 O
353 2564 440 2601 Mr.
467 2576 509 2614 p.
530 2576 570 2614 q.
596 2569 777 2603 servatus
797 2564 852 2603 sis
871 2564 944 2602 Fr.
1001 2563 1114 2615 quod
1135 2563 1189 2602 sis
1209 2563 1269 2602 illi
1289 2563 1327 2604 O
1348 2564 1421 2603 Fr.
1447 2563 1507 2602 illi
1527 2562 1641 2615 quod
1660 2562 1715 2602 sis
1733 2563 1823 2602 Mr.

374 2617 417 2654 Ψ
437 2616 559 2666 [from
579 2616 635 2666 H]
658 2615 726 2668 (F)
747 2617 820 2656 has
846 2616 1003 2666 1—68;
1033 2619 1065 2668 ψ
1083 2617 1157 2656 has
1179 2630 1216 2655 2.
1239 2630 1324 2668 3.4
1329 2645 1338 2654 .
1364 2630 1425 2656 10.
1451 2630 1512 2671 19.
1535 2629 1599 2656 20.
1623 2630 1687 2656 21.
1710 2627 1775 2655 22.
1797 2629 1863 2667 24.
1887 2625 1952 2665 25.
1975 2615 2041 2655 28.

294 2683 357 2724 29.
384 2684 447 2721 31.
481 2684 545 2722 32.
569 2670 633 2721 36.
654 2685 720 2720 41.
742 2685 806 2721 42.
831 2671 894 2721 46.
916 2682 983 2722 47.
1007 2682 1071 2722 55.
1094 2671 1159 2722 56.
1183 2673 1246 2722 58.
1267 2671 1348 2719 603
1378 2671 1490 2710 Bart.
1511 2670 1586 2710 has
1614 2683 1650 2709 2.
1674 2684 1712 2722 3.
1734 2686 1772 2721 4.
1801 2683 1861 2710 10.
1887 2681 1948 2722 19.
1975 2681 2040 2710 20.

294 2738 357 2764 21.
384 2738 450 2775 24.
473 2727 537 2764 28.
561 2738 624 2776 31.
651 2724 715 2774 36.
739 2725 802 2775 56.
826 2727 966 2776 58371·
984 2725 1060 2764 has
1082 2727 1146 2765 28.
1167 2734 1233 2774 45.
1257 2738 1321 2776 54.
1337 2701 1406 2766 '60.
1432 2724 1499 2765 61.
1641 2724 1853 2776 Lquod
1872 2723 2042 2765 adiuvat

295 2779 328 2817 F
357 2778 468 2830 quod
498 2778 610 2818 iuvat
643 2779 716 2818 Gr.
751 2779 822 2818 Or.
852 2779 927 2818 Bo.
955 2779 1029 2818 Ri.
1054 2779 1126 2830 Sp.
1148 2779 1236 2818 Mr.
1270 2779 1406 2830 quoad
1436 2779 1548 2818 iuvat
1585 2779 1670 2817 Wo.
1700 2791 1794 2818 cum
1822 2779 1935 2817 iuvat
1963 2780 2040 2818 Fr.

293 2845 420 2883 quom
439 2832 606 2872 adiuvat
626 2832 835 2871 Baehrens
1054 2836 1102 2870 2.
1157 2832 1303 2872 didicit
1324 2843 1422 2873 MSS.
1444 2833 1528 2872 and
1547 2831 1701 2872 editors
1722 2838 1866 2884 except
1886 2831 2041 2872 dedicit

294 2887 383 2924 Mr.
603 2891 651 2925 8.
706 2886 983 2925 calamitatem
1004 2887 1037 2925 F
1060 2888 1091 2936 ψ
1112 2887 1223 2925 Bart.
1256 2887 1340 2925 Wo.
1397 2886 1689 2926 contumeliam
1707 2887 1741 2924 Φ
1761 2887 1830 2938 Sp.
1851 2887 1940 2925 Mr.
1961 2887 2036 2926 Fr.

294 2953 386 2979 raro
410 2949 507 2979 MSS.
534 2940 663 2979 rarius
688 2941 860 2992 Ingolst.
890 2940 1015 2978 edztor
1042 2941 1112 2979 Gr.
1149 2941 1220 2980 Or.
1247 2940 1284 2979 is
1309 2953 1401 2980 raro
1426 2941 1502 2981 Bo.
1523 2953 1615 2980 raro
1641 2940 1675 2980 is
1700 2941 1774 2979 Ri.
1795 2953 1887 2979 raro
1911 2940 2040 2980 ullam

295 2994 368 3033 Ri.
479 2998 526 3032 9.
583 2994 743 3034 conaris
765 2994 799 3032 F
829 2994 912 3033 Wo.
933 2994 1022 3032 Mr.
1042 2994 1117 3032 Fr.
1139 2995 1298 3034 coneris
1318 2996 1388 3046 Sp.
1520 2999 1596 3034 16.
1657 3000 1823 3046 potest..
1834 2991 1982 3046 ‚potest
2003 2994 2038 3033 F
