2232 3522
276 239 342 290 28
701 250 971 292 PUBL1L11
1013 253 1150 294 SYRI
1190 254 1596 295 SENTENTIAE.

194 385 253 436 Ψ
277 380 474 434 Omnis
511 382 768 450 voluptas
807 401 1210 452 quemcumque
1247 387 1425 438 arrisit
1463 394 1639 438 nocet.

278 468 536 523 Officium
576 470 828 521 benevoli
868 473 1037 523 animi
1078 471 1244 523 finem
1283 490 1395 523 non
1434 473 1615 524 habet.
1947 494 2024 534 475

147 589 204 661 β
280 556 329 605 0
367 554 492 603 vita
528 554 751 604 misero
788 556 985 618 longa,
1026 556 1182 606 felici
1219 556 1453 607 brevis!

388 639 681 707 Obiurgari
717 640 771 690 in
804 641 1120 693 calamitate
1155 641 1373 708 gravius
1405 649 1488 692 est
1520 658 1688 708 quam
1725 640 2025 694 calamitas,

230 734 255 770 ⁶
281 724 331 778 O
371 725 531 777 dulce
567 732 921 788 tormentum,
960 728 1053 778 ubi
1093 727 1406 794 reprimitur
1443 727 1740 794 gaudium!

226 876 231 882 ¹
280 811 491 864 Omnes
529 828 706 879 aequo
746 813 930 866 animo
969 822 1179 882 parent,
1217 814 1310 865 ubi
1349 815 1502 881 digni
1542 815 1829 882 imperant.

279 896 474 949 Occidi
513 905 598 949 est
636 899 940 965 pulchrum,
980 901 1346 969 ignominiose
1385 902 1477 953 ubi
1516 903 1732 953 servias,
1951 912 2032 963 480

279 981 330 1035 O
369 985 601 1036 tacitum
641 993 979 1038 tormentum
1019 988 1189 1038 animi
1229 990 1597 1042 conscientia!

386 1071 613 1138 Optime
658 1075 901 1140 positum
947 1081 1031 1125 est
1069 1074 1411 1139 beneficium,
1450 1077 1592 1129 bene
1639 1077 1731 1128 ubi
1779 1076 2031 1128 meminit

492 1158 584 1224 qui
624 1159 838 1226 accipit.

203 1255 254 1290 10
279 1243 623 1313 Obsequium
663 1254 872 1313 nuptae
908 1247 1019 1298 cito
1058 1245 1120 1298 fit
1158 1247 1349 1299 odium
1388 1249 1612 1316 pellicis,

280 1330 515 1384 Occasio
554 1341 805 1400 receptus
843 1331 1093 1384 difficiles
1131 1333 1314 1386 habet.

282 1418 331 1471 O
372 1419 673 1486 pessimum
713 1419 993 1487 periclum,
1032 1421 1182 1487 quod
1222 1430 1478 1489 opertum
1518 1422 1666 1474 latet.
1953 1436 2031 1485 485

274 1506 494 1559 ‚Omnes
533 1524 658 1559 cum
697 1507 912 1559 occulte
950 1516 1196 1574 peccant,
1237 1517 1471 1576 peccant
1509 1511 1672 1562 ocius,

205 1562 517 1646 ¹:lOccasio
555 1610 718 1661 aegre
756 1591 996 1655 offertur,
1035 1593 1194 1645 facile
1232 1595 1519 1647 amittitur.

205 1680 254 1731 Ο
391 1678 551 1732 Oculi
578 1679 792 1732 occulte
818 1697 1063 1732 amorem
1098 1681 1384 1748 incipiunt,
1413 1682 1756 1733 consuetudo
1782 1679 2007 1749 perficit.

360 1821 404 1859 Ψ
430 1820 553 1870 [from
578 1822 634 1871 11]
656 1820 724 1873 (F)
751 1821 826 1861 has
859 1835 1012 1872 1—143
1045 1821 1168 1872 zphas
1193 1835 1226 1861 1.
1249 1835 1286 1861 2.
1308 1836 1347 1861 x.
1370 1837 1408 1872 4.
1432 1834 1469 1872 5.
1493 1832 1529 1872 7.
1560 1834 1621 1861 10.
1654 1833 1722 1874 133
1753 1821 1863 1860 Bart.
1891 1821 1966 1860 has
1995 1833 2032 1860 2.

282 1888 321 1913 x.
342 1890 381 1925 4.
404 1888 442 1925 5.
547 1879 589 1914 ΖΙ..
646 1888 932 1928 quemcunque
953 1876 987 1914 F
1011 1876 1084 1915 Gr.
1111 1876 1183 1915 Or.
1214 1876 1298 1915 Wo.
1320 1876 1387 1927 Sp.
1414 1888 1683 1928 quaecunque
1703 1878 1735 1926 ψ
1754 1876 1844 1914 Μν.
1865 1875 2033 1914 demum

280 1941 375 1968 cum
394 1929 469 1968 Fr.
630 1933 677 1968 2.
734 1929 915 1969 officium
935 1931 970 1969 F
999 1931 1082 1969 Wo.
1104 1931 1173 1982 Sp.
1200 1931 1275 1969 Fr.
1297 1930 1542 1982 obsequium
1563 1933 1624 1979 αψ
1642 1931 1731 1969 Μν.
1888 1933 1936 1967 3.
1994 1928 2033 1969 O

280 1982 408 2022 vitam
441 1996 497 2022 m.
527 1982 697 2036 longam
725 1983 750 2024 f.
787 1985 954 2023 brevem
989 1984 1024 2023 F
1057 1985 1127 2035 Sp.
1157 1985 1247 2023 Mr.
1278 1984 1317 2025 O
1347 1985 1432 2023 vita
1463 1997 1520 2023 m.
1551 1985 1676 2036 longa
1706 1983 1735 2023 f.
1765 1983 1902 2023 brevis
1936 1982 2033 2023 Sen.

282 2036 481 2077 Controv.
506 2047 527 2088 7
550 2036 622 2089 (3).
650 2039 696 2076 18
716 2039 795 2077 Er.
820 2038 879 2077 ed.
899 2039 996 2089 Bz'p.
1022 2038 1094 2077 Gr.
1121 2038 1192 2078 Or.
1214 2039 1290 2078 Bo.
1320 2039 1403 2078 Wo.
1429 2039 1501 2077 Ri.
1521 2038 1597 2077 Fr.
1750 2043 1794 2076 ὅ.
1853 2038 1891 2077 O
1913 2037 2034 2077 dulce

281 2097 532 2130 tormentum
565 2105 686 2144 aequo
715 2092 837 2142 [from
871 2091 1085 2144 following
1113 2092 1196 2132 line
1227 2091 1374 2144 (Wo.)]
1407 2092 1478 2131 ubi
1511 2091 1748 2144 reprimitur
1773 2091 1970 2143 gaudium
2000 2091 2035 2130 F

282 2144 354 2183 ubi
387 2158 520 2197 aequo
552 2145 692 2184 animo
727 2149 759 2197 ψ
793 2152 915 2185 torm.
945 2159 971 2185 o
999 2147 1041 2185 d.
1071 2159 1205 2198 aequo
1236 2147 1309 2186 ubi
1342 2147 1413 2186 Gr.
1454 2146 1526 2186 Or.
1557 2152 1585 2186 t.
1618 2152 1679 2185 est
1717 2146 1757 2184 d.
1797 2145 1869 2184 ubi
1902 2158 2035 2197 aequo

280 2199 479 2251 premitur
511 2200 707 2251 gaudium
742 2200 817 2240 Bo.
853 2200 892 2240 O
926 2200 966 2239 d.
999 2206 1028 2239 t.
1062 2214 1102 2240 u.
1138 2200 1371 2253 reprimitur
1403 2200 1601 2252 gaudium
1643 2199 1726 2238 Wo.
1762 2199 1832 2250 Sp.
1868 2199 1956 2238 Mr.
1995 2199 2033 2238 O

281 2265 407 2305 quam
425 2260 486 2293 est
505 2253 632 2292 animi
648 2254 689 2292 d.
711 2259 740 2293 t.
761 2267 801 2294 u.
826 2267 859 2293 r.
879 2267 920 2306 g.
941 2255 1018 2293 Fr.
1195 2260 1242 2293 ’1.
1298 2253 1432 2294 occidi
1451 2253 1668 2306 pulchrum
1689 2260 1749 2292 est
1769 2253 1840 2292 ubi
1861 2253 2034 2304 ignomi-

280 2307 396 2347 niose
414 2308 568 2347 servias
588 2308 623 2347 F
642 2307 676 2347 si
696 2308 971 2360 ignominiose
990 2308 1116 2348 servis
1142 2322 1168 2347 α
1187 2308 1258 2348 ubi
1278 2308 1505 2360 ignominie
1531 2307 1783 2347 conscientia
1801 2313 1862 2346 est
1884 2310 1915 2357 ψ
1934 2320 1970 2346 ο.
1998 2321 2034 2347 e.

281 2373 323 2412 p.
350 2361 625 2413 ignominiose
650 2362 721 2401 ubi
748 2363 899 2402 servias
925 2363 1015 2401 Mr.
1052 2364 1136 2402 Wo.
1165 2375 1204 2402 o.
1227 2375 1268 2414 p.
1296 2375 1333 2402 e.
1354 2376 1394 2401 u.
1420 2362 1617 2414 probrose
1643 2374 1675 2400 s.
1697 2362 1765 2412 Sp.
1797 2374 1835 2400 o.
1861 2374 1895 2400 e.
1929 2374 1971 2413 p.
1992 2374 2032 2399 u.

281 2415 395 2467 illegi
414 2415 572 2454 homini
593 2428 626 2455 s.
648 2416 723 2455 Fr.
863 2420 908 2455 9.
965 2417 1213 2456 beneficium
1234 2417 1304 2456 ubi
1324 2416 1513 2455 meminit
1533 2416 1604 2467 qui
1623 2415 1773 2467 accipit
1795 2415 1829 2454 F
1849 2421 2037 2455 metuunt

282 2469 355 2521 qui
374 2469 582 2521 accipiunt
609 2484 634 2508 α
661 2470 702 2509 b.
723 2483 763 2509 u.
785 2471 871 2510 eius
896 2471 1085 2510 meminit
1104 2471 1175 2523 qui
1200 2471 1352 2522 accipit
1376 2471 1448 2510 Gr.
1478 2470 1550 2509 Or.
1582 2470 1666 2509 Wo.
1687 2470 1759 2508 Rz‘.
1781 2469 1897 2508 cuius
1916 2483 1972 2509 m.
1993 2483 2035 2522 q.

282 2535 319 2561 a.
340 2523 474 2562 Halm
494 2524 560 2563 Ri.
587 2523 834 2563 beneficium
854 2525 960 2564 bene
979 2525 1051 2564 ubi
1071 2538 1127 2564 m.
1148 2538 1191 2577 q.
1213 2538 1250 2563 a.
1272 2525 1343 2576 Sp.
1365 2525 1439 2563 Fr.
1653 2526 1734 2561 10.
1791 2524 2037 2575 obsequium

283 2577 319 2616 F
322 2580 380 2629 κψ
408 2578 490 2617 Wo.
515 2578 714 2630 obsequio
735 2578 805 2629 Sp.
826 2579 915 2618 Mr.
939 2579 1013 2617 Fr.
1221 2582 1301 2616 12.
1358 2578 1470 2630 quod
1489 2584 1678 2629 opertum
1700 2577 1735 2615 F
1755 2577 1824 2628 Sp.
1846 2578 1938 2616 Mr.
1958 2578 2032 2617 Fr.

283 2638 475 2682 opertum
493 2632 607 2683 quod
636 2631 720 2671 Wo.
910 2637 988 2671 18.
1046 2645 1189 2672 omnes
1209 2645 1304 2672 cum
1323 2639 1496 2684 peccant
1517 2632 1677 2671 occulte
1696 2637 1896 2683 pacantur
1916 2632 2036 2671 citius

284 2685 320 2724 F
345 2685 466 2724 citius
491 2691 692 2737 pacantur
718 2688 750 2736 ψ
776 2692 949 2738 peccant
974 2686 1101 2726 tutius
1136 2686 1221 2726 Wo.
1244 2687 1315 2725 Rz‘.
1372 2699 1412 2738 p.
1437 2686 1551 2725 ocius
1587 2686 1672 2724 Wo.
1692 2685 1766 2724 Ri.
1824 2698 1865 2737 p.
1885 2685 2036 2725 iterum

283 2738 403 2779 citius
430 2740 520 2778 Mr.
576 2739 810 2791 insignitius
838 2741 914 2778 Fr.
944 2753 985 2792 p.
1020 2740 1237 2780 usitatius?
1292 2741 1322 2778 Z
1356 2739 1424 2791 (T)
1456 2740 1531 2778 has
1563 2754 1602 2789 4.
1634 2738 1672 2778 6.
1704 2739 1743 2780 O
1777 2739 1852 2779 has
1889 2738 1926 2779 6.
1971 2750 2031 2789 15.

288 2797 363 2833 1⁵.
424 2792 546 2834 Oculi
566 2806 750 2833 amorem
771 2794 974 2845 incipiunt
995 2794 1250 2834 consuetudo
1269 2793 1430 2845 perficit
1452 2793 1491 2834 O
1513 2806 1549 2832 o.
1576 2806 1614 2832 a.
1635 2793 1662 2832 i.
1685 2793 1817 2833 facere
1837 2806 1870 2833 c.
1897 2806 1938 2846 p.
1961 2794 2032 2834 Fr.

283 2859 348 2886 oc.
370 2847 533 2887 occulte
551 2859 737 2887 amorem
755 2847 781 2887 i.
807 2860 843 2887 c.
865 2861 907 2900 p.
928 2849 1016 2887 Mr.
1042 2861 1106 2887 oc.
1128 2861 1164 2888 a.
1189 2848 1325 2887 subito
1346 2848 1373 2886 i.
1395 2861 1430 2887 c.
1452 2860 1493 2900 p.
1515 2848 1606 2886 Mr-

663 3018 710 3052 ὅ.
768 3013 938 3064 Quoted
957 3013 1013 3064 by
1034 3013 1206 3059 Seneca,
1233 3014 1486 3053 Controvers.
1510 3023 1546 3064 7.
1573 3014 1635 3053 18.
