2232 3522
280 242 344 293 14
700 239 973 280 PUBLILII
1013 239 1150 280 SYRI
1190 239 1604 279 SENTENTIAE.

201 340 253 426 (s
274 373 520 423 Fortuna
558 372 681 439 plus
719 372 928 423 homini
967 387 1136 439 quam
1175 371 1464 423 consilium
1503 370 1666 422 valet.

188 451 245 502 Π
275 455 614 517 Frugalitas
651 454 894 503 miseria
931 461 1025 503 est
1062 453 1320 504 rumoris
1357 454 1518 503 boni.

203 541 246 591 Z
276 537 598 588 Famulatur
635 538 906 599 dominus,
947 538 1040 588 ubi
1079 538 1240 588 timet
1278 537 1478 604 quibus
1517 513 1768 605 imperat.

199 637 249 673 30
383 623 566 674 Facile
583 624 675 690 qui
695 623 898 674 faciant
915 623 1092 677 bona
1079 623 1337 685 1nvenieS‚
1346 639 1472 674 cum
1491 623 1583 690 qui
1602 622 1847 674 fecerunt
1864 621 2025 673 coles,
2094 613 2096 616 ’

275 708 483 760 Frenos
522 710 758 776 imponit
798 710 1019 777 linguae
1056 710 1407 760 conscientia.
1452 741 1455 745 f
1949 731 2022 759 221

195 799 247 852 Ο
277 795 499 846 Falsum
540 797 706 846 etiarn
747 803 829 846 est
867 812 1072 858 verum,
1110 796 1259 862 quod
1299 794 1584 846 constituit
1621 795 1880 862 superior.

206 958 248 1015 Σ
276 965 456 1017 Grave
494 966 890 1032 praeiudicium
930 974 1028 1026 est,
1069 967 1218 1033 quod
1259 966 1518 1017 iudicium
1559 982 1669 1017 non
1709 965 1889 1017 habet.

178 1038 244 1109 &s
276 1051 615 1103 Gravissima
652 1059 736 1103 est
774 1052 933 1119 probi
972 1051 1212 1102 hominis
1251 1052 1547 1104 iracundia.

276 1135 471 1188 Gravis
510 1137 679 1188 animi
718 1154 899 1205 poena
937 1145 1034 1199 est,
1074 1155 1238 1204 quem
1279 1145 1406 1205 post
1444 1137 1574 1190 facti
1613 1138 1870 1205 poenitet.
1947 1161 2024 1200 225

277 1222 472 1274 Gravis
512 1223 729 1274 animus
765 1223 995 1275 dubiam
1035 1240 1145 1274 non
1185 1223 1353 1274 habet
1391 1225 1738 1276 sententiam.

226 1324 251 1358 5
276 1309 455 1361 Grave
494 1317 578 1361 est
615 1309 824 1360 malum
863 1326 1029 1360 omne
1066 1309 1216 1376 quod
1256 1311 1359 1361 sub
1397 1318 1625 1378 aspectu
1664 1310 1815 1362 latet.

276 1396 508 1448 Gravius
547 1404 724 1459 nocet,
763 1396 1151 1464 quodcumque
1190 1397 1542 1464 inexpertum
1581 1395 1795 1448 accidit.

187 1459 241 1530 &s
278 1482 473 1535 Gravis
513 1490 595 1534 est
634 1482 885 1534 inimicus
925 1483 983 1544 is,
1023 1482 1116 1549 qui
1156 1482 1291 1533 latet
1330 1483 1384 1533 in
1424 1490 1660 1550 pectore.

206 1560 252 1643 rs
276 1568 674 1621 Gravissimum
715 1576 798 1619 est
836 1569 1124 1636 imperium
1166 1570 1588 1621 consuetudinis,
1947 1592 2028 1631 230

275 1711 359 1763 Hg.
381 1723 473 1750 cum
495 1710 529 1748 B
549 1710 622 1748 Rz.
642 1710 712 1761 Sp.
764 1709 861 1748 cui..
871 1708 1042 1749 invidet
1061 1709 1135 1749 Be.
1157 1710 1232 1748 Bo.
1344 1712 1429 1747 27.
1483 1709 1642 1749 homini
1664 1709 1875 1750 PaRFCZ
1893 1708 2025 1749 homi-

272 1778 374 1804 num
408 1764 581 1804 PbABS
611 1764 654 1802 in
688 1763 855 1803 homine
889 1763 964 1802 Ri.
996 1764 1069 1814 Sp.
1104 1764 1194 1802 Mr.
1225 1762 1463 1803 hominibus
1489 1764 1565 1804 Bo.
1602 1764 1686 1802 Wo.
1718 1763 1761 1802 in
1783 1777 1825 1804 re
1844 1764 1958 1803 omni
1979 1777 2026 1803 or

276 1819 328 1858 ad
377 1831 499 1857 omne
545 1818 615 1857 Be.
656 1818 882 1856 humanum
934 1817 1053 1868 Casp.
1099 1817 1229 1857 Orelli
1275 1817 1445 1856 omnino
1484 1818 1559 1857 Bo.
1599 1818 1651 1857 ad
1700 1817 1912 1858 hominem
1948 1818 2024 1858 Fr.

275 1874 329 1912 ad
358 1873 546 1912 homines
574 1873 659 1923 Hg.
717 1873 756 1911 Π
790 1870 868 1923 (Η)
895 1871 970 1910 has
1002 1884 1036 1911 2.
1065 1871 1127 1911 28.
1153 1882 1190 1922 5.
1213 1872 1250 1911 8.
1272 1884 1311 1924 9.
1338 1881 1400 1922 17.
1455 1873 1498 1911 Ψ
1518 1871 1642 1922 [from
1672 1871 1731 1920 H]
1760 1870 1827 1923 (F)
1854 1872 1928 1912 has
1959 1873 2024 1912 28

282 1938 342 1977 17.
401 1927 430 1964 Z
458 1925 528 1978 (Τ)
550 1926 624 1966 has
647 1938 710 1979 29.
733 1938 770 1978 9.
797 1939 861 1977 30.
889 1939 950 1965 11.
977 1939 1037 1977 13.
1064 1937 1123 1977 19.
1154 1939 1216 1977 14.
1241 1939 1306 1978 31.
1509 1930 1597 1964 80.
1653 1925 1853 1978 facileque
1871 1925 2026 1966 faciunt

277 1981 387 2020 bona
415 1980 598 2020 invenies
623 1993 717 2019 cum
742 1979 1033 2031 laudandoque
1058 1979 1241 2019 fecerunt
1266 1979 1377 2019 coles
1405 1979 1443 2019 T
1468 1979 1540 2032 qui
1566 1979 1717 2019 saciant
1746 1980 1851 2020 bene
1878 1981 2030 2031 Haupt

277 2049 371 2075 cum
403 2035 474 2087 qui
507 2034 689 2074 fecerunt
721 2033 1274 2085 Haupt..‚invenias...coles
1312 2033 1394 2074 We.
1456 2033 1484 2073 f.
1513 2047 1556 2086 q.
1586 2034 1628 2073 b.
1664 2033 1816 2073 faciant
1853 2035 2026 2074 aderunt

276 2102 370 2128 cum
391 2102 431 2140 q.
452 2087 482 2127 f.
505 2088 615 2128 colas
635 2088 708 2127 Rz‘.
764 2087 791 2127 f.
814 2087 996 2127 invenies
1016 2101 1057 2140 q.
1078 2088 1120 2127 b.
1141 2087 1168 2127 f.
1190 2088 1279 2127 Mr.
1300 2088 1343 2127 b.
1363 2100 1401 2140 q.
1425 2087 1452 2126 f.
1473 2088 1548 2127 Fr.
1725 2092 1806 2126 31.
1863 2088 2026 2140 saepius

277 2142 553 2183 conscientiae
573 2143 610 2181 T
628 2141 656 2181 f.
678 2141 705 2181 i.
727 2142 752 2182 1.
777 2141 1052 2182 conscientiae
1072 2142 1161 2181 Mr.
1218 2142 1380 2194 sapiens
1406 2141 1594 2182 consciae
1617 2142 1690 2180 Fr.
1749 2143 1782 2182 Ο
1802 2142 1876 2182 has
1896 2154 1933 2195 9.
1964 2153 2025 2194 14.

279 2210 858 2343 32Z(PBh;RA)has1—9
888 2249 1157 2290 ChaS1..2
1189 2249 1617 2303 385796
1651 2249 2024 2302 Shasz143

281 2315 407 2359 5—9;
439 2304 515 2343 Zh
518 2316 621 2355 as7.
644 2317 680 2344 2.
705 2320 744 2355 4.
767 2317 805 2355 5.
826 2304 865 2344 6
888 2304 923 2342 8.
950 2316 988 2356 9.
1015 2317 1058 2352 13
1087 2303 1341 2353 *11[fr0m2]
1363 2302 1431 2356 (F)
1454 2304 1528 2343 has
1552 2314 1665 2356 1—9.
1804 2308 1844 2342 1..
1901 2304 2026 2344 habet

281 2369 377 2398 MSS.
406 2371 506 2398 cave
534 2359 604 2410 Sp.
719 2363 763 2397 3.
826 2364 920 2409 post
947 2357 1044 2397 facti
1075 2358 1186 2396 PBR
1220 2359 1292 2397 Gr.
1323 2357 1407 2396 Wo.
1433 2358 1503 2398 Ri.
1536 2358 1605 2409 Sp.
1634 2358 1722 2398 Mr.
1747 2357 1890 2397 erased
1919 2358 1962 2397 in
1991 2358 2026 2397 F

279 2419 370 2465 post
390 2412 543 2452 factum
562 2412 599 2451 T
618 2418 711 2463 post
730 2411 838 2451 facta
861 2411 931 2450 Or.
956 2411 990 2450 si
1010 2424 1130 2464 quern
1152 2411 1249 2451 facti
1268 2412 1341 2450 Rz.
1363 2411 1446 2451 iam
1465 2411 1561 2451 facti
1581 2412 1652 2450 Fr.
1830 2418 1872 2452 5.
1934 2424 2024 2464 gra-

278 2467 367 2506 vius
393 2466 547 2505 malum
573 2473 632 2505 est
658 2478 780 2505 omne
811 2465 893 2503 HF
919 2478 980 2516 gr.
1007 2479 1043 2505 e.
1065 2479 1118 2505 m.
1151 2478 1188 2505 o.
1213 2466 1245 2504 P
1275 2464 1469 2516 (maleum
1498 2464 1574 2516 Pb)
1605 2465 1723 2504 BRA
1751 2478 1811 2517 gr.
1839 2479 1875 2506 e.
1903 2479 1942 2506 o.
1966 2479 2020 2506 m.

282 2521 345 2561 SZ
373 2520 537 2572 gravius
566 2526 626 2559 est
654 2520 809 2558 malum
837 2532 960 2558 omne
989 2520 1057 2571 Sp.
1077 2532 1201 2571 grave
1221 2527 1282 2559 est
1308 2532 1364 2558 rn.
1386 2532 1424 2559 o.
1449 2520 1530 2558 Er.
1550 2519 1714 2571 gravius
1733 2532 1789 2558 m.
1811 2532 1849 2558 ο.
1871 2532 1907 2559 e.
1937 2520 2020 2560 Wo.

279 2575 367 2614 Mr.
410 2587 534 2626 grave
570 2580 632 2613 est
668 2586 725 2612 m.
764 2586 803 2613 o.
843 2573 918 2611 Fr.
958 2573 1122 2625 gravius
1160 2586 1195 2613 e.
1228 2586 1283 2612 m.
1317 2586 1357 2612 o.
1391 2586 1563 2613 amoene
1600 2574 1712 2625 quod
1747 2574 1823 2613 sub
1857 2580 2026 2625 aspectu

278 2628 379 2668 latet
398 2629 472 2667 Ri.
673 2632 717 2667 7.
778 2627 913 2678 gravis
935 2628 1020 2666 HT
1039 2628 1108 2689 Sp:
1130 2628 1218 2667 Mr.
1241 2627 1404 2678 gravius
1426 2627 1500 2666 PR
1519 2628 1593 2666 Fr.
1612 2627 1775 2679 gravior
1796 2627 2027 2679 PQABFC

278 2683 359 2721 Er.
392 2683 463 2722 Gr.
495 2682 566 2721 Or.
588 2680 849 2733 gravissimus
877 2679 922 2720 S.
979 2681 1012 2721 is
1038 2681 1109 2733 qui
1138 2681 1213 2720 BA
1238 2682 1327 2720 Mr.
1351 2681 1415 2720 his
1443 2681 1512 2743 qui
1536 2681 1596 2720 Pb
1624 2682 1696 2733 qui
1728 2681 1922 2722 HRFCS
1951 2683 2021 2734 Sp.

279 2737 313 2775 si
326 2736 403 2798 qui
423 2736 495 2775 Ri.
551 2737 686 2788 gravis
705 2742 766 2774 est
786 2736 1000 2788 scrupulus
1020 2735 1255 2775 delitiscens
1280 2734 1434 2774 invisus
1459 2735 1500 2774 in
1528 2741 1693 2787 pectore
1721 2736 1758 2774 T
1782 2735 1946 2787 gravior
1966 2741 2026 2775 est

279 2790 468 2829 inimicus
487 2789 557 2841 qui
578 2795 743 2841 pectore
769 2788 869 2828 latet
893 2802 1017 2842 quam
1045 2789 1115 2840 qui
1135 2788 1238 2828 facie
1268 2794 1380 2840 patet
1401 2789 1432 2827 Z
1457 2789 1593 2841 gravis
1618 2795 1680 2828 est
1705 2788 1763 2828 in.
1783 2790 1818 2829 is
1837 2789 1908 2842 qui
1927 2789 2028 2829 latet

279 2845 321 2882 in
349 2851 516 2896 pectore
552 2843 641 2882 Mr.
680 2856 720 2895 g.
754 2856 789 2883 e.
821 2843 876 2882 in.
906 2843 976 2895 qui
1016 2843 1115 2882 latet
1153 2843 1229 2882 sub
1258 2849 1425 2894 pectore
1453 2843 1524 2894 Sp.
1562 2843 1727 2895 gravius
1755 2843 1813 2882 nil
1842 2843 2026 2883 animum

495 3006 579 3040 28.
639 3001 807 3051 Quoted
828 3002 883 3054 by
904 3001 1063 3042 Gellius
1090 3014 1149 3052 17.
1177 3015 1222 3052 14
1243 3001 1325 3041 and
1347 3002 1596 3050 Macrobius,
1621 3003 1708 3041 Sat.
1733 3013 1767 3042 2.
1796 3012 1832 3051 7.
