2232 3522
91 941 129 990 Σ
154 940 437 990 Alienum
475 946 569 990 est
606 954 785 989 omne
825 938 1108 1002 quicquid
1146 938 1411 1001 optando
1449 939 1673 989 evenit.

154 1022 248 1071 Ab
284 1020 402 1070 alio
440 1026 778 1083 exspecteS,
818 1019 991 1068 alteri
1028 1019 1188 1082 quod
1225 1019 1458 1069 feceris.

100 1093 394 1167 MAnimus
431 1104 602 1156 vereri
640 1104 735 1171 qui
774 1104 892 1164 scit,
930 1103 1032 1154 scit
1070 1111 1194 1155 tuto
1232 1105 1473 1171 aggredi.

155 1190 391 1242 Auxilia
430 1189 659 1240 humilia
697 1188 855 1239 firma
893 1204 1194 1239 consensus
1232 1188 1375 1240 facit.

105 1295 131 1331 5
153 1275 334 1327 Amor
370 1274 539 1326 animi
577 1273 802 1325 arbitrio
841 1273 1093 1334 sumitur,
1129 1289 1240 1324 non
1279 1274 1516 1340 ponitur.
1881 1298 1904 1336 5

66 1351 155 1436 s
153 1363 274 1416 Aut
311 1371 463 1414 amat
501 1370 596 1414 aut
634 1361 754 1413 odit
791 1361 999 1422 mulier,
1037 1360 1114 1411 nil
1151 1368 1235 1412 est
1274 1362 1512 1413 tertium.

153 1450 249 1502 Ad
287 1450 500 1502 tristem
540 1456 754 1516 partem
794 1455 1018 1499 strenua
1056 1455 1140 1499 est
1178 1448 1430 1515 suspicio,

154 1535 330 1588 Arnes
369 1542 669 1603 parentem,
710 1535 754 1585 si
794 1551 1001 1601 aequus
1040 1541 1153 1585 est:
1204 1534 1248 1585 si
1287 1533 1461 1594 aliter,
1498 1533 1654 1586 feraS.

158 1621 422 1689 Aspicere
460 1627 679 1688 oportet
716 1619 976 1687 quicquid
1017 1619 1194 1687 possis
1232 1618 1474 1686 perdere.

82 1721 132 1758 ιο
154 1706 341 1758 Amici
380 1706 513 1757 vitia
551 1705 654 1756 nisi
694 1704 847 1765 feraS,
887 1703 1020 1756 facis
1058 1713 1166 1756 tua.
1862 1728 1911 1756 10

235 1842 269 1880 Σ
289 1840 478 1891 (PRBA)
496 1839 572 1879 has
599 1851 735 1879 verses
764 1851 891 1890 1—34
914 1837 990 1888 (Pa
1013 1836 1098 1877 and
1125 1837 1165 1876 R
1195 1838 1254 1877 18.
1283 1850 1347 1877 21.
1370 1850 1435 1878 22.
1463 1850 1523 1892 ι9.
1548 1850 1614 1879 20.
1639 1851 1704 1888 24.
1727 1839 1811 1889 23).
1870 1837 1905 1878 C

154 1896 229 1936 has
253 1908 395 1947 1—23.
423 1906 485 1946 25.
513 1906 578 1944 27.
608 1894 627 1932 Ι
646 1906 668 1945 5
690 1892 818 1942 (265).
838 1905 902 1944 24.
923 1903 988 1943 27.
1014 1893 1082 1932 28.
1104 1904 1170 1946 29.
1194 1904 1258 1943 31.
1280 1905 1342 1944 34.
1365 1905 1431 1944 30.
1458 1903 1522 1944 32.
1545 1904 1610 1944 33.
1638 1892 1680 1932 N
1707 1905 1756 1932 10
1776 1890 1902 1944 (423)-

155 1951 184 1991 S
203 1950 279 1990 has
302 1962 459 2001 1—34;
489 1950 519 1987 Z
539 1948 615 1987 has
640 1961 755 1996 1—4.
777 1946 817 1987 6.
839 1948 877 1987 8.
903 1959 964 1988 10.
990 1959 1053 1986 11.
1078 1944 1247 1996 14-16.
1277 1947 1338 1986 18.
1364 1959 1426 1987 20.
1455 1960 1519 1986 22.
1543 1959 1609 1998 23.
1637 1947 1813 1998 25-28,
1842 1959 1908 1998 30.

155 2017 222 2056 3¹·
256 2016 323 2057 32.
356 2016 421 2055 33.
478 2003 520 2041 Ψ
550 2001 672 2052 [from
707 2001 759 2051 Σ]
791 2000 904 2050 (FV)
934 2000 1010 2040 has
1047 2013 1176 2052 1—34
1207 1998 1274 2052 (28
1305 2000 1388 2039 and
1421 2013 1472 2052 30
1504 2007 1577 2040 not
1610 1999 1737 2053 being
1764 2000 1808 2040 in
1838 1999 1909 2052 V).

155 2063 204 2097 8.
260 2058 332 2110 qui
364 2057 440 2097 scit
469 2056 601 2097 vereri
631 2056 684 2096 V.
742 2062 831 2095 tuta
869 2054 1098 2095 PRASFV
1141 2055 1213 2094 Gr.
1256 2055 1329 2094 Or.
1360 2055 1437 2094 Bo.
1476 2055 1559 2094 Wo.
1591 2061 1704 2095 tutus
1740 2054 1777 2095 C
1818 2055 1908 2094 Inc.

153 2120 253 2166 apta
282 2112 317 2151 B
350 2125 447 2152 vera
476 2111 508 2150 Z
541 2118 631 2151 tuto
662 2110 823 2150 PanB
856 2109 976 2158 (later
1006 2106 1171 2159 hands).
1226 2109 1396 2161 aggredi
1427 2109 1515 2148 Ine.
1544 2109 1706 2162 ingredi
1734 2108 1770 2150 C
1799 2115 1912 2149 tutus

152 2166 272 2220 gradi
291 2167 363 2219 Sp.
383 2172 473 2206 tuto
493 2165 663 2218 aggredi
681 2165 744 2204 St.
765 2165 845 2204 Er.
871 2171 962 2203 tuto
980 2162 1142 2215 ingredi
1161 2163 1253 2202 Mr.
1447 2168 1493 2203 Ι1.
1552 2163 1650 2213 [est]
1670 2163 1707 2203 L
1721 2169 1784 2203 est
1807 2175 1908 2214 1515

154 2222 278 2262 Basle
306 2221 458 2261 edition
490 2221 569 2259 Fa.
621 2226 690 2259 str.
725 2231 836 2271 susp.
871 2218 1046 2258 debetur
1077 2216 1145 2258 CS
1182 2217 1271 2257 Inc.
1310 2230 1355 2256 as
1391 2217 1539 2264 above,
1583 2218 1666 2258 Wo.
1709 2218 1778 2269 Sp.
1818 2218 1910 2256 Mr.

156 2281 205 2315 8.
260 2287 376 2315 amas
402 2275 431 2315 S
457 2280 518 2314 est
546 2274 598 2325 B2
620 2280 792 2325 aequust
814 2272 888 2312 Ri.
915 2274 986 2324 Sp.
1046 2271 1080 2311 si
1105 2270 1226 2310 aliter
1251 2271 1288 2310 L
1312 2271 1375 2310 sin
1402 2271 1521 2311 aliter
1545 2271 1659 2312 CFa.
1711 2272 1746 2311 si
1772 2272 1911 2312 ceteri.

154 2330 188 2370 si
207 2342 386 2382 aequus;
413 2329 476 2369 sin
495 2328 615 2368 aliter
632 2327 738 2367 seras
758 2327 973 2366 Froelzliclz
994 2339 1026 2366 s.
1050 2339 1086 2366 a.
1110 2339 1145 2365 e.
1170 2325 1291 2365 aliter
1310 2325 1338 2365 s.
1358 2326 1432 2366 Fr.
1456 2326 1543 2378 Hg.
1686 2330 1733 2365 9.
1790 2326 1913 2379 Aspi-

155 2397 247 2424 cere
279 2383 392 2424 LEC
427 2383 640 2436 despicere
669 2382 739 2421 Ps.
794 2381 895 2433 quid
929 2380 1186 2420 PaRACES
1222 2380 1334 2432 quod
1370 2380 1549 2418 PbBFV
1583 2379 1781 2432 quicquid
1815 2381 1910 2420 cod.

155 2438 272 2478 Trin.
301 2438 384 2477 and
416 2437 505 2479 Sid.
533 2435 580 2476 of
606 2436 782 2488 Bentley
806 2448 913 2488 quae
938 2435 999 2474 St.
1060 2434 1171 2486 quod
1204 2434 1336 2486 possis
1368 2434 1595 2486 deperdere
1621 2434 1702 2474 Er.
1730 2435 1841 2486 quod
1871 2443 1913 2475 te

156 2492 285 2545 possit
303 2492 474 2545 perdere
491 2492 563 2544 Sp.
747 2493 826 2529 10.
887 2489 922 2530 si
942 2490 976 2528 B
997 2488 1140 2529 erased
1158 2488 1194 2528 C
1217 2489 1304 2528 Ine.
1331 2490 1411 2528 Er.
1436 2489 1508 2528 Gr.
1529 2489 1601 2528 Be.
1627 2489 1703 2528 Bo.
1734 2489 1819 2528 Wo.
1841 2490 1913 2528 Ri.

156 2549 227 2599 Sp.
247 2546 326 2586 nisi
347 2547 399 2598 Β,ι
416 2553 495 2586 etc.
515 2545 559 2584 ni
578 2546 648 2585 Ps.
696 2557 863 2584 necesse
888 2550 949 2583 est
974 2543 1101 2583 facias
1121 2543 1155 2581 B
1175 2542 1301 2582 facias
1326 2555 1492 2583 necesse
1517 2550 1579 2582 est
1605 2550 1675 2582 tua
1697 2543 1755 2582 M.
1813 2542 1915 2582 facis

158 2601 234 2640 PR
257 2607 335 2641 etc.
372 2600 499 2640 facies
526 2600 600 2640 Bo.
637 2598 763 2639 facias
796 2599 864 2638 Ri.
905 2598 991 2637 Wo.
1025 2598 1095 2650 Sp.
1129 2597 1219 2636 Mr.
1277 2597 1415 2636 Amici
1444 2597 1545 2637 vitia
1573 2596 1650 2636 nisi
1679 2596 1786 2637 feras
1814 2596 1915 2637 facis

242 2757 286 2791 1.
340 2751 503 2804 praised
522 2751 578 2802 by
599 2751 773 2798 Seneca,
795 2748 935 2800 Epist.
961 2750 999 2788 8.
1023 2759 1064 2799 9.

240 2823 289 2858 2.
344 2818 507 2872 praised
525 2818 580 2870 by
599 2817 772 2863 Seneca,
788 2815 921 2868 Epist.
939 2826 1005 2867 94.
1026 2827 1095 2866 43,
1110 2813 1191 2853 and
1211 2813 1267 2865 by
1288 2813 1541 2859 Lactantius,
1563 2814 1701 2852 Instit.
1729 2823 1759 2853 1.
1781 2813 1842 2854 16.
1867 2827 1917 2855 10

164 2891 285 2928 “non
331 2887 501 2940 illepide
547 2886 708 2927 Seneca
747 2885 791 2925 in
833 2883 950 2924 libris
985 2882 1155 2922 moralis
1190 2880 1632 2934 philosophiae...‘Ab
1668 2880 1752 2920 alio
1789 2880 1917 2921 etc.”'

161 2956 227 2997 Cf.
262 2954 539 3008 Lampridius,
570 2955 693 2993 Alex.
721 2955 815 2993 Sev.
846 2965 892 3003 51
930 2951 1098 2990 “Visne
1125 2950 1206 2989 hoc
1232 2949 1275 2988 in
1303 2961 1404 3001 agro
1432 2955 1505 2988 tuo
1535 2947 1624 2988 fieri
1652 2948 1764 3002 quod
1798 2949 1917 2989 alteri

161 3021 319 3063 facis?”
339 3022 422 3062 and
444 3025 472 3043 “
486 3021 611 3073 Quod
631 3021 707 3061 tibi
728 3020 816 3060 fieri
835 3033 920 3060 non
938 3019 1015 3065 vis,
1034 3018 1152 3058 alteri
1172 3030 1224 3057 ne
1243 3015 1429 3057 seceris.''

307 3119 354 3158 P.
384 3117 427 3158 S.
1745 3113 1765 3149 I
