2232 3522
302 250 486 301 xxxiv·
926 262 1420 304 INTRODUCTION.

303 407 378 456 55·

300 573 376 633 56.

301 761 376 810 57-

297 2335 373 2383 59·

294 2499 370 2544 60.

294 2673 372 2718 61.

293 2931 370 2976 62.

451 394 495 455 J.
525 393 587 440 D.
616 394 659 441 S.
697 394 767 440 M.
843 395 947 440 Par.
1026 395 1166 456 1561.
1243 395 1540 443 ‘Sentences
1576 395 1783 443 selectes
1820 396 1883 444 de
1920 395 2050 444 Peri—

466 475 633 533 ander,
661 473 953 522 Publian...'
981 473 1095 522 with
1120 491 1150 522 a
1174 475 1367 523 French
1390 491 1527 523 verse
1552 475 1856 524 translation.

451 568 594 617 Rich.
635 571 895 617 Taverner.
970 570 1032 616 8⁰.
1106 569 1265 617 Lond.
1344 570 1484 631 1562.
1556 569 1691 617 With
1728 571 1884 630 Cat03
1927 571 2050 620 after

465 653 713 710 Erasmus,
741 650 854 698 with
879 652 1167 699 Taverner's
1195 649 1400 713 English
1425 660 1583 698 notes.
1659 652 1753 698 268
1781 651 1993 700 verses*

452 748 583 794 Hen.
647 745 940 807 Stephanus.
1031 747 1123 792 12⁰.
1211 747 1318 793 Par.
1413 743 1551 807 1563.
1645 750 1657 771 ‘
1674 745 1959 795 Sententiae
2018 763 2047 796 e

463 827 665 876 comicis
691 826 892 876 Graecis
918 836 967 876 et
992 825 1180 875 Latinis
1197 826 1230 887 '3
1267 827 1504 889 arranged
1528 826 1579 874 in
1603 826 1700 875 loci
1724 843 2016 876 communes
2033 846 2047 887 ;

462 909 705 959 collected
730 911 795 972 by
819 909 893 956 his
914 910 1070 957 father
1096 909 1301 966 Robert‚
1331 906 1544 956 ‘Erasmi
1567 917 1756 957 textum
1776 907 2042 956 maximam

462 1000 652 1055 partem
677 991 901 1039 secutus'
933 988 1099 1046 Orelli.

448 1089 581 1135 Hen.
644 1086 933 1148 Stephanus.
1009 1086 1072 1131 80.
1146 1085 1251 1131 Par.
1330 1085 1468 1145 1564.
1549 1085 1871 1146 ‘Fragmenta
1926 1086 2046 1133 Poe-

460 1177 619 1216 tarum
656 1175 877 1215 veterum
921 1166 1226 1222 Latinorum,
1261 1180 1474 1226 quorum
1515 1180 1665 1227 opera
1703 1181 1806 1213 non
1848 1167 2049 1214 extant.'

461 1250 542 1298 De
573 1264 740 1297 amore
775 1257 824 1296 et
859 1245 1064 1295 foemina
1102 1261 1178 1304 22,
1208 1247 1287 1294 De
1322 1244 1540 1294 amicitia
1576 1255 1625 1295 et
1659 1247 1927 1297 concordia
1968 1265 2044 1308 11,

462 1332 540 1379 De
565 1330 760 1378 fortuna
785 1337 833 1378 et
858 1329 1004 1377 rebus
1040 1326 1256 1376 adversis
1293 1341 1370 1390 25,
1397 1328 1477 1376 De
1509 1343 1670 1376 rerum
1707 1327 2044 1378 vicissitudine

461 1428 506 1473 3,
555 1413 636 1459 De
689 1419 849 1459 morte
901 1418 950 1458 et
994 1409 1095 1457 vita
1147 1423 1220 1471 15,
1273 1411 1353 1457 De
1400 1409 1504 1458 otio
1550 1419 1600 1459 et
1646 1410 1822 1459 inertia
1868 1428 1912 1474 3,
1964 1412 2046 1460 De

460 1491 789 1542 beneficentia
830 1499 878 1540 et
916 1489 1138 1553 largitate
1178 1492 1254 1549 28,
1293 1490 1372 1538 De
1407 1490 1657 1553 aequitate
1691 1492 1791 1541 fide
1826 1501 1875 1541 et
1910 1494 2044 1542 bona

460 1573 765 1623 conscientia
825 1589 898 1631 11,
951 1574 1029 1621 De
1083 1571 1261 1621 iniuria
1314 1582 1362 1621 et
1418 1573 1646 1636 superbia
1699 1588 1772 1638 15,
1825 1577 1905 1624 De
1951 1575 2047 1625 dis-

462 1656 775 1706 simulatione
812 1653 1014 1704 fictione
1051 1663 1100 1702 et
1142 1652 1405 1703 mendacio
1447 1657 1520 1714 16,
1563 1657 1642 1703 De
1678 1655 1959 1719 suspicione
1998 1675 2042 1716 2,

463 1740 541 1788 De
596 1735 959 1786 consuetudine
1014 1745 1063 1784 et
1110 1734 1414 1798 experientia
1462 1737 1508 1795 6,
1559 1737 1639 1785 De
1686 1737 1947 1799 prudentia
1994 1747 2044 1787 et

462 1819 727 1882 sagacitate
751 1817 802 1865 in
828 1818 974 1866 rebus
999 1816 1203 1880 agendis
1232 1831 1307 1877 17,
1336 1818 1416 1866 De
1448 1817 1723 1866 temeritate
1756 1827 1804 1867 et
1840 1818 2045 1868 stultitia

466 1915 539 1959 14,
578 1901 658 1948 De
698 1897 967 1946 ambitione
1009 1907 1058 1946 et
1095 1896 1365 1960 cupiditate
1404 1910 1447 1957 7,
1487 1898 1566 1945 De
1607 1896 1809 1946 avaritia
1849 1915 1923 1956 11,
1963 1900 2044 1948 De

459 1979 746 2029 fortitudine
782 1978 934 2027 animi
974 1996 1049 2038 12,
1085 1980 1165 2027 De
1201 1977 1454 2026 iracundia
1492 1994 1563 2038 11,
1595 1979 1675 2027 De
1705 1980 1960 2029 severitate
1997 1997 2039 2038 2,

462 2063 541 2109 De
566 2059 832 2109 clementia
857 2068 906 2107 et
930 2058 1169 2122 patientia
1199 2075 1273 2117 10,
1302 2060 1382 2107 De
1406 2067 1542 2107 metu
1573 2076 1648 2119 11,
1677 2061 1755 2108 De
1789 2061 1960 2109 dolore
1995 2064 2040 2119 6,

462 2145 543 2191 De
578 2143 708 2190 fama
744 2150 792 2190 et
826 2140 980 2204 gloria
1016 2158 1078 2204 9:
1119 2142 1211 2202 267
1250 2155 1412 2188 verses
1447 2139 1498 2187 in
1533 2141 1612 2198 all,
1650 2141 1773 2189 after
1808 2143 2043 2190 Erasmus

461 2225 563 2273 and
599 2221 902 2272 Fabricius*

447 2321 581 2367 Hen.
621 2318 913 2380 Stephanus.
987 2323 1082 2379 32⁰.
1157 2318 1263 2364 Par.
1342 2318 1482 2379 1565.
1558 2315 1903 2366 ‘Comicorum
1914 2355 2033 2365 ......

460 2397 761 2448 sententiae.'

445 2495 567 2543 Geo.
597 2491 861 2541 Fabricius.
925 2494 987 2540 80.
1051 2490 1184 2555 Lips.
1251 2493 1390 2554 1567.
1457 2490 1589 2540 With
1615 2493 1756 2542 other
1781 2504 2041 2545 sentences

460 2575 704 2624 collected
730 2575 796 2636 by
821 2572 1085 2622 Fabricius.

446 2671 581 2718 Hen.
641 2669 935 2732 Stephanus,
1014 2671 1106 2717 16⁰.
1181 2670 1286 2717 Par.
1379 2669 1520 2731 1569.
1610 2671 1852 2732 οΓνῶμαι3
1943 2674 2034 2735 267

459 2765 622 2799 verses
678 2749 730 2797 in
788 2749 886 2798 loci
945 2765 1235 2798 communes
1293 2749 1407 2798 with
1467 2750 1550 2798 the
1607 2751 1923 2813 explanation
1990 2756 2047 2804 of

461 2830 745 2880 Erasmus*

444 2928 507 2974 8⁰.
575 2927 749 2976 Colon.
831 2939 971 2989 1571.
1044 2925 1179 2974 With
1204 2927 1331 2976 Cato
1351 2942 1362 2983 ;
1400 2925 1670 2986 Erasmian‚
1703 2941 1798 2988 270
1824 2930 2038 2978 verses*

443 3022 565 3071 Geo.
596 3019 857 3069 Fabricius.
932 3019 1062 3084 Lips.
1142 3035 1282 3084 1571.
