<?xml version="1.0" encoding="UTF-8"?>
<!DOCTYPE html PUBLIC "-//W3C//DTD XHTML 1.0 Transitional//EN"
    "http://www.w3.org/TR/xhtml1/DTD/xhtml1-transitional.dtd">
<html xmlns="http://www.w3.org/1999/xhtml" xml:lang="en" lang="en">
 <head>
  <title>
</title>
<meta http-equiv="Content-Type" content="text/html;charset=utf-8" />
  <meta name='ocr-system' content='tesseract 3.04.00' />
  <meta name='ocr-capabilities' content='ocr_page ocr_carea ocr_par ocr_line ocrx_word'/>
</head>
<body>
  <div class='ocr_page' id='page_1' title='image "./sententiae00publuoft_0017.png"; bbox 0 0 2232 3522; ppageno 0'>
   <div class='ocr_carea' id='block_1_1' title="bbox 827 269 1945 322">
    <p class='ocr_par' dir='ltr' id='par_1_1' title="bbox 827 269 1945 322">
     <span class='ocr_line' id='line_1_1' title="bbox 827 269 1945 322; baseline 0 -2"><span class='ocrx_word' id='word_1_1' title='bbox 827 281 1322 322; x_wconf 86' lang='lat' dir='ltr'><strong>INTRODUCTION.</strong></span> <span class='ocrx_word' id='word_1_2' title='bbox 1848 269 1945 320; x_wconf 86' lang='lat' dir='ltr'>xiii</span> 
     </span>
    </p>
   </div>
   <div class='ocr_carea' id='block_1_2' title="bbox 194 409 1949 1303">
    <p class='ocr_par' dir='ltr' id='par_1_2' title="bbox 194 409 1949 1303">
     <span class='ocr_line' id='line_1_2' title="bbox 197 409 1076 472; baseline -0.003 -13"><span class='ocrx_word' id='word_1_3' title='bbox 197 410 399 468; x_wconf 87' lang='lat' dir='ltr'>Seneca,</span> <span class='ocrx_word' id='word_1_4' title='bbox 425 410 632 472; x_wconf 80' lang='lat' dir='ltr'><em>Epistol.</em></span> <span class='ocrx_word' id='word_1_5' title='bbox 662 409 845 457; x_wconf 89' lang='lat' dir='ltr'>Moral.</span> <span class='ocrx_word' id='word_1_6' title='bbox 879 411 986 470; x_wconf 89' lang='lat'>108,</span> <span class='ocrx_word' id='word_1_7' title='bbox 1014 410 1043 456; x_wconf 92' lang='lat'>8</span> <span class='ocrx_word' id='word_1_8' title='bbox 1066 427 1076 456; x_wconf 72' lang='grc' dir='ltr'>ε</span> 
     </span>
     <span class='ocr_line' id='line_1_3' title="bbox 300 489 1948 553; baseline 0 -15"><span class='ocrx_word' id='word_1_9' title='bbox 300 492 462 539; x_wconf 80' lang='lat' dir='ltr'>“Non</span> <span class='ocrx_word' id='word_1_10' title='bbox 504 490 641 540; x_wconf 91' lang='lat' dir='ltr'>vides</span> <span class='ocrx_word' id='word_1_11' title='bbox 682 491 1105 553; x_wconf 87' lang='lat' dir='ltr'>quemadmodum</span> <span class='ocrx_word' id='word_1_12' title='bbox 1148 491 1337 539; x_wconf 88' lang='lat' dir='ltr'>theatra</span> <span class='ocrx_word' id='word_1_13' title='bbox 1383 499 1675 551; x_wconf 90' lang='lat' dir='ltr'>consonent,</span> <span class='ocrx_word' id='word_1_14' title='bbox 1716 489 1948 553; x_wconf 89' lang='lat' dir='ltr'>quotiens</span> 
     </span>
     <span class='ocr_line' id='line_1_4' title="bbox 195 572 1949 637; baseline -0.001 -14"><span class='ocrx_word' id='word_1_15' title='bbox 195 572 361 637; x_wconf 90' lang='lat' dir='ltr'>aliqua</span> <span class='ocrx_word' id='word_1_16' title='bbox 392 574 527 622; x_wconf 89' lang='lat' dir='ltr'>dicta</span> <span class='ocrx_word' id='word_1_17' title='bbox 559 582 687 631; x_wconf 90' lang='lat' dir='ltr'>sunt,</span> <span class='ocrx_word' id='word_1_18' title='bbox 724 589 849 636; x_wconf 88' lang='lat' dir='ltr'>quae</span> <span class='ocrx_word' id='word_1_19' title='bbox 882 573 1082 636; x_wconf 91' lang='lat' dir='ltr'>publice</span> <span class='ocrx_word' id='word_1_20' title='bbox 1117 573 1431 637; x_wconf 85' lang='lat' dir='ltr'>agnoscimus</span> <span class='ocrx_word' id='word_1_21' title='bbox 1468 583 1517 622; x_wconf 94' lang='lat' dir='ltr'>et</span> <span class='ocrx_word' id='word_1_22' title='bbox 1552 590 1799 623; x_wconf 90' lang='lat' dir='ltr'>consensu</span> <span class='ocrx_word' id='word_1_23' title='bbox 1835 589 1949 622; x_wconf 90' lang='lat' dir='ltr'>vera</span> 
     </span>
     <span class='ocr_line' id='line_1_5' title="bbox 194 657 610 704; baseline -0.002 0"><span class='ocrx_word' id='word_1_24' title='bbox 194 669 303 704; x_wconf 92' lang='lat' dir='ltr'>esse</span> <span class='ocrx_word' id='word_1_25' title='bbox 337 657 610 704; x_wconf 84' lang='lat' dir='ltr'>testamur?</span> 
     </span>
     <span class='ocr_line' id='line_1_6' title="bbox 399 741 1564 806; baseline 0 -15"><span class='ocrx_word' id='word_1_26' title='bbox 399 744 623 791; x_wconf 91' lang='lat' dir='ltr'>‘Desunt</span> <span class='ocrx_word' id='word_1_27' title='bbox 657 741 857 806; x_wconf 89' lang='lat' dir='ltr'>inopiae</span> <span class='ocrx_word' id='word_1_28' title='bbox 892 744 1058 803; x_wconf 90' lang='lat' dir='ltr'>multa,</span> <span class='ocrx_word' id='word_1_29' title='bbox 1097 742 1330 793; x_wconf 91' lang='lat' dir='ltr'>avaritiae</span> <span class='ocrx_word' id='word_1_30' title='bbox 1365 745 1564 792; x_wconf 90' lang='lat' dir='ltr'>omnia.&#39;</span> 
     </span>
     <span class='ocr_line' id='line_1_7' title="bbox 399 824 1733 889; baseline 0.001 -16"><span class='ocrx_word' id='word_1_31' title='bbox 399 826 489 873; x_wconf 91' lang='lat' dir='ltr'>‘In</span> <span class='ocrx_word' id='word_1_32' title='bbox 527 826 716 873; x_wconf 91' lang='lat' dir='ltr'>nullum</span> <span class='ocrx_word' id='word_1_33' title='bbox 752 841 923 874; x_wconf 91' lang='lat' dir='ltr'>avarus</span> <span class='ocrx_word' id='word_1_34' title='bbox 961 827 1121 874; x_wconf 91' lang='lat' dir='ltr'>bonus</span> <span class='ocrx_word' id='word_1_35' title='bbox 1157 835 1244 886; x_wconf 90' lang='lat' dir='ltr'>est,</span> <span class='ocrx_word' id='word_1_36' title='bbox 1282 824 1334 874; x_wconf 91' lang='lat' dir='ltr'>in</span> <span class='ocrx_word' id='word_1_37' title='bbox 1371 842 1423 875; x_wconf 93' lang='lat' dir='ltr'>se</span> <span class='ocrx_word' id='word_1_38' title='bbox 1459 825 1733 889; x_wconf 62' lang='lat' dir='ltr'>pessimus?</span> 
     </span>
     <span class='ocr_line' id='line_1_8' title="bbox 198 912 1948 976; baseline 0.001 -14"><span class='ocrx_word' id='word_1_39' title='bbox 198 914 276 962; x_wconf 91' lang='lat' dir='ltr'>Ad</span> <span class='ocrx_word' id='word_1_40' title='bbox 318 914 409 962; x_wconf 91' lang='lat' dir='ltr'>hos</span> <span class='ocrx_word' id='word_1_41' title='bbox 443 929 610 962; x_wconf 89' lang='lat' dir='ltr'>versus</span> <span class='ocrx_word' id='word_1_42' title='bbox 653 912 734 962; x_wconf 93' lang='lat' dir='ltr'>ille</span> <span class='ocrx_word' id='word_1_43' title='bbox 781 912 1146 963; x_wconf 91' lang='lat' dir='ltr'>sordidissimus</span> <span class='ocrx_word' id='word_1_44' title='bbox 1193 913 1385 976; x_wconf 90' lang='lat' dir='ltr'>plaudit</span> <span class='ocrx_word' id='word_1_45' title='bbox 1431 923 1481 962; x_wconf 91' lang='lat' dir='ltr'>et</span> <span class='ocrx_word' id='word_1_46' title='bbox 1521 913 1651 963; x_wconf 92' lang='lat' dir='ltr'>vitiis</span> <span class='ocrx_word' id='word_1_47' title='bbox 1698 913 1799 963; x_wconf 90' lang='lat' dir='ltr'>suis</span> <span class='ocrx_word' id='word_1_48' title='bbox 1844 915 1948 964; x_wconf 92' lang='lat' dir='ltr'>fieri</span> 
     </span>
     <span class='ocr_line' id='line_1_9' title="bbox 198 993 1949 1058; baseline 0 -14"><span class='ocrx_word' id='word_1_49' title='bbox 198 994 479 1044; x_wconf 92' lang='lat' dir='ltr'>convicium</span> <span class='ocrx_word' id='word_1_50' title='bbox 519 995 703 1057; x_wconf 90' lang='lat' dir='ltr'>gaudet</span> <span class='ocrx_word' id='word_1_51' title='bbox 710 1033 830 1043; x_wconf 92' lang='grc'><strong>......</strong></span> <span class='ocrx_word' id='word_1_52' title='bbox 883 993 1039 1058; x_wconf 89' lang='lat' dir='ltr'>magis</span> <span class='ocrx_word' id='word_1_53' title='bbox 1086 993 1323 1043; x_wconf 88' lang='lat' dir='ltr'>feriuntur</span> <span class='ocrx_word' id='word_1_54' title='bbox 1369 993 1520 1043; x_wconf 91' lang='lat' dir='ltr'>animi</span> <span class='ocrx_word' id='word_1_55' title='bbox 1568 1011 1678 1044; x_wconf 89' lang='lat' dir='ltr'>cum</span> <span class='ocrx_word' id='word_1_56' title='bbox 1729 994 1949 1044; x_wconf 89' lang='lat' dir='ltr'>carmina</span> 
     </span>
     <span class='ocr_line' id='line_1_10' title="bbox 198 1072 789 1122; baseline -0.002 0"><span class='ocrx_word' id='word_1_57' title='bbox 198 1072 441 1122; x_wconf 90' lang='lat' dir='ltr'>eiusmodi</span> <span class='ocrx_word' id='word_1_58' title='bbox 477 1074 611 1122; x_wconf 89' lang='lat' dir='ltr'>dicta</span> <span class='ocrx_word' id='word_1_59' title='bbox 646 1081 789 1121; x_wconf 83' lang='lat' dir='ltr'>sunt:</span> 
     </span>
     <span class='ocr_line' id='line_1_11' title="bbox 333 1159 1679 1225; baseline 0 -15"><span class='ocrx_word' id='word_1_60' title='bbox 333 1162 414 1210; x_wconf 88' lang='lat' dir='ltr'>‘Is</span> <span class='ocrx_word' id='word_1_61' title='bbox 450 1160 656 1209; x_wconf 90' lang='lat' dir='ltr'>minimo</span> <span class='ocrx_word' id='word_1_62' title='bbox 692 1170 802 1224; x_wconf 91' lang='lat' dir='ltr'>eget</span> <span class='ocrx_word' id='word_1_63' title='bbox 837 1160 1056 1209; x_wconf 90' lang='lat' dir='ltr'>mortalis</span> <span class='ocrx_word' id='word_1_64' title='bbox 1094 1162 1176 1223; x_wconf 90' lang='lat' dir='ltr'>qui</span> <span class='ocrx_word' id='word_1_65' title='bbox 1215 1159 1475 1209; x_wconf 89' lang='lat' dir='ltr'>minimum</span> <span class='ocrx_word' id='word_1_66' title='bbox 1511 1161 1679 1225; x_wconf 91' lang='lat' dir='ltr'>cupit.’</span> 
     </span>
     <span class='ocr_line' id='line_1_12' title="bbox 335 1238 1900 1303; baseline 0.002 -17"><span class='ocrx_word' id='word_1_67' title='bbox 335 1239 516 1302; x_wconf 90' lang='lat' dir='ltr'>‘Quod</span> <span class='ocrx_word' id='word_1_68' title='bbox 550 1239 669 1297; x_wconf 93' lang='lat' dir='ltr'>vult,</span> <span class='ocrx_word' id='word_1_69' title='bbox 707 1240 871 1296; x_wconf 90' lang='lat' dir='ltr'>habet,</span> <span class='ocrx_word' id='word_1_70' title='bbox 910 1238 995 1301; x_wconf 92' lang='lat' dir='ltr'>qui</span> <span class='ocrx_word' id='word_1_71' title='bbox 1030 1240 1170 1298; x_wconf 91' lang='lat' dir='ltr'>velle,</span> <span class='ocrx_word' id='word_1_72' title='bbox 1210 1240 1349 1301; x_wconf 93' lang='lat' dir='ltr'>quod</span> <span class='ocrx_word' id='word_1_73' title='bbox 1385 1238 1501 1287; x_wconf 91' lang='lat' dir='ltr'>satis</span> <span class='ocrx_word' id='word_1_74' title='bbox 1537 1249 1625 1300; x_wconf 89' lang='lat' dir='ltr'>est,</span> <span class='ocrx_word' id='word_1_75' title='bbox 1663 1239 1900 1303; x_wconf 89' lang='lat' dir='ltr'>potest.&#39;’&#39;</span> 
     </span>
    </p>
   </div>
   <div class='ocr_carea' id='block_1_3' title="bbox 179 1343 1951 1801">
    <p class='ocr_par' dir='ltr' id='par_1_3' title="bbox 179 1343 1506 1404">
     <span class='ocr_line' id='line_1_13' title="bbox 179 1343 1506 1404; baseline -0.002 -11"><span class='ocrx_word' id='word_1_76' title='bbox 179 1344 401 1402; x_wconf 83' lang='lat' dir='ltr'>Seneca,</span> <span class='ocrx_word' id='word_1_77' title='bbox 427 1343 669 1404; x_wconf 81' lang='lat' dir='ltr'>Dialogus</span> <span class='ocrx_word' id='word_1_78' title='bbox 691 1343 747 1389; x_wconf 88' lang='lat' dir='ltr'>de</span> <span class='ocrx_word' id='word_1_79' title='bbox 769 1343 1124 1404; x_wconf 83' lang='lat' dir='ltr'>tranquillitate</span> <span class='ocrx_word' id='word_1_80' title='bbox 1145 1343 1311 1401; x_wconf 86' lang='lat' dir='ltr'>animi,</span> <span class='ocrx_word' id='word_1_81' title='bbox 1344 1359 1363 1390; x_wconf 93' lang='lat'>1</span> <span class='ocrx_word' id='word_1_82' title='bbox 1378 1359 1416 1401; x_wconf 93' lang='lat'>1,</span> <span class='ocrx_word' id='word_1_83' title='bbox 1446 1343 1475 1389; x_wconf 93' lang='lat'>8</span> <span class='ocrx_word' id='word_1_84' title='bbox 1496 1361 1506 1391; x_wconf 73' lang='grc' dir='ltr'>ε</span> 
     </span>
    </p>

    <p class='ocr_par' dir='ltr' id='par_1_4' title="bbox 197 1421 1951 1801">
     <span class='ocr_line' id='line_1_14' title="bbox 302 1421 1944 1487; baseline 0.001 -16"><span class='ocrx_word' id='word_1_85' title='bbox 302 1427 330 1450; x_wconf 88' lang='grc'>“</span> <span class='ocrx_word' id='word_1_86' title='bbox 347 1425 635 1485; x_wconf 91' lang='lat' dir='ltr'>Numquam</span> <span class='ocrx_word' id='word_1_87' title='bbox 671 1438 751 1471; x_wconf 91' lang='lat' dir='ltr'>me</span> <span class='ocrx_word' id='word_1_88' title='bbox 783 1421 831 1470; x_wconf 93' lang='lat' dir='ltr'>in</span> <span class='ocrx_word' id='word_1_89' title='bbox 867 1424 1001 1471; x_wconf 90' lang='lat' dir='ltr'>bona</span> <span class='ocrx_word' id='word_1_90' title='bbox 1036 1421 1325 1487; x_wconf 87' lang='lat' dir='ltr'>(sententia)</span> <span class='ocrx_word' id='word_1_91' title='bbox 1351 1422 1466 1471; x_wconf 92' lang='lat' dir='ltr'>mali</span> <span class='ocrx_word' id='word_1_92' title='bbox 1490 1421 1696 1486; x_wconf 89' lang='lat' dir='ltr'>pudebit</span> <span class='ocrx_word' id='word_1_93' title='bbox 1720 1422 1944 1473; x_wconf 90' lang='lat' dir='ltr'>auctoris.</span> 
     </span>
     <span class='ocr_line' id='line_1_15' title="bbox 199 1503 1950 1568; baseline 0.001 -15"><span class='ocrx_word' id='word_1_94' title='bbox 199 1504 452 1564; x_wconf 87' lang='lat' dir='ltr'>Publilius,</span> <span class='ocrx_word' id='word_1_95' title='bbox 494 1503 687 1567; x_wconf 88' lang='lat' dir='ltr'>tragicis</span> <span class='ocrx_word' id='word_1_96' title='bbox 729 1504 1033 1567; x_wconf 90' lang='lat' dir='ltr'>comicisque</span> <span class='ocrx_word' id='word_1_97' title='bbox 1073 1503 1415 1553; x_wconf 92' lang='lat' dir='ltr'>vehementior</span> <span class='ocrx_word' id='word_1_98' title='bbox 1454 1503 1675 1567; x_wconf 89' lang='lat' dir='ltr'>ingeniis,</span> <span class='ocrx_word' id='word_1_99' title='bbox 1718 1504 1950 1568; x_wconf 91' lang='lat' dir='ltr'>quotiens</span> 
     </span>
     <span class='ocr_line' id='line_1_16' title="bbox 199 1585 1951 1648; baseline 0 -13"><span class='ocrx_word' id='word_1_100' title='bbox 199 1586 419 1635; x_wconf 89' lang='lat' dir='ltr'>mimicas</span> <span class='ocrx_word' id='word_1_101' title='bbox 474 1586 685 1648; x_wconf 89' lang='lat' dir='ltr'>ineptias</span> <span class='ocrx_word' id='word_1_102' title='bbox 733 1594 782 1634; x_wconf 93' lang='lat' dir='ltr'>et</span> <span class='ocrx_word' id='word_1_103' title='bbox 828 1586 977 1634; x_wconf 90' lang='lat' dir='ltr'>verba</span> <span class='ocrx_word' id='word_1_104' title='bbox 1023 1585 1087 1633; x_wconf 90' lang='lat' dir='ltr'>ad</span> <span class='ocrx_word' id='word_1_105' title='bbox 1135 1601 1379 1633; x_wconf 89' lang='lat' dir='ltr'>summam</span> <span class='ocrx_word' id='word_1_106' title='bbox 1427 1601 1630 1634; x_wconf 91' lang='lat' dir='ltr'>caveam</span> <span class='ocrx_word' id='word_1_107' title='bbox 1678 1586 1951 1648; x_wconf 90' lang='lat' dir='ltr'>spectantia</span> 
     </span>
     <span class='ocr_line' id='line_1_17' title="bbox 197 1665 1948 1732; baseline 0 -15"><span class='ocrx_word' id='word_1_108' title='bbox 197 1668 402 1732; x_wconf 91' lang='lat' dir='ltr'>reliquit,</span> <span class='ocrx_word' id='word_1_109' title='bbox 430 1667 556 1716; x_wconf 91' lang='lat' dir='ltr'>inter</span> <span class='ocrx_word' id='word_1_110' title='bbox 579 1668 732 1715; x_wconf 91' lang='lat' dir='ltr'>multa</span> <span class='ocrx_word' id='word_1_111' title='bbox 757 1666 854 1715; x_wconf 89' lang='lat' dir='ltr'>alia</span> <span class='ocrx_word' id='word_1_112' title='bbox 877 1668 1140 1724; x_wconf 92' lang='lat' dir='ltr'>cothurno,</span> <span class='ocrx_word' id='word_1_113' title='bbox 1167 1683 1270 1715; x_wconf 90' lang='lat' dir='ltr'>non</span> <span class='ocrx_word' id='word_1_114' title='bbox 1303 1675 1494 1715; x_wconf 90' lang='lat' dir='ltr'>tantum</span> <span class='ocrx_word' id='word_1_115' title='bbox 1528 1665 1710 1730; x_wconf 92' lang='lat' dir='ltr'>sipario</span> <span class='ocrx_word' id='word_1_116' title='bbox 1734 1666 1948 1725; x_wconf 88' lang='lat' dir='ltr'>fortiora,</span> 
     </span>
     <span class='ocr_line' id='line_1_18' title="bbox 199 1749 488 1801; baseline -0.014 0"><span class='ocrx_word' id='word_1_117' title='bbox 199 1761 248 1801; x_wconf 92' lang='lat' dir='ltr'>et</span> <span class='ocrx_word' id='word_1_118' title='bbox 271 1751 368 1800; x_wconf 92' lang='lat' dir='ltr'>hoc</span> <span class='ocrx_word' id='word_1_119' title='bbox 391 1749 488 1798; x_wconf 90' lang='lat' dir='ltr'>ait:</span> 
     </span>
    </p>
   </div>
   <div class='ocr_carea' id='block_1_4' title="bbox 403 1836 1749 1901">
    <p class='ocr_par' dir='ltr' id='par_1_5' title="bbox 403 1836 1749 1901">
     <span class='ocr_line' id='line_1_19' title="bbox 403 1836 1749 1901; baseline -0.001 -14"><span class='ocrx_word' id='word_1_120' title='bbox 403 1838 585 1888; x_wconf 90' lang='lat' dir='ltr'>‘Cuius</span> <span class='ocrx_word' id='word_1_121' title='bbox 620 1846 783 1901; x_wconf 90' lang='lat' dir='ltr'>potest</span> <span class='ocrx_word' id='word_1_122' title='bbox 817 1836 1040 1887; x_wconf 90' lang='lat' dir='ltr'>accidere</span> <span class='ocrx_word' id='word_1_123' title='bbox 1075 1837 1212 1900; x_wconf 94' lang='lat' dir='ltr'>quod</span> <span class='ocrx_word' id='word_1_124' title='bbox 1248 1836 1479 1900; x_wconf 90' lang='lat' dir='ltr'>cuiquam</span> <span class='ocrx_word' id='word_1_125' title='bbox 1514 1837 1749 1900; x_wconf 89' lang='lat' dir='ltr'>potest.&#39;&#39;&#39;</span> 
     </span>
    </p>
   </div>
   <div class='ocr_carea' id='block_1_5' title="bbox 199 1940 1860 2167">
    <p class='ocr_par' dir='ltr' id='par_1_6' title="bbox 199 1940 1860 2167">
     <span class='ocr_line' id='line_1_20' title="bbox 199 1940 1630 2002; baseline -0.003 -12"><span class='ocrx_word' id='word_1_126' title='bbox 199 1942 399 2000; x_wconf 90' lang='lat' dir='ltr'>Seneca,</span> <span class='ocrx_word' id='word_1_127' title='bbox 426 1941 666 2002; x_wconf 80' lang='lat' dir='ltr'>Dialogus</span> <span class='ocrx_word' id='word_1_128' title='bbox 689 1940 759 1987; x_wconf 84' lang='lat' dir='ltr'>ad</span> <span class='ocrx_word' id='word_1_129' title='bbox 775 1940 1023 1988; x_wconf 88' lang='lat' dir='ltr'>Marciam</span> <span class='ocrx_word' id='word_1_130' title='bbox 1047 1940 1102 1987; x_wconf 89' lang='lat' dir='ltr'>de</span> <span class='ocrx_word' id='word_1_131' title='bbox 1131 1940 1470 1999; x_wconf 84' lang='lat' dir='ltr'>Consolatione,</span> <span class='ocrx_word' id='word_1_132' title='bbox 1499 1956 1542 2001; x_wconf 93' lang='lat'>9,</span> <span class='ocrx_word' id='word_1_133' title='bbox 1571 1953 1596 2002; x_wconf 89' lang='lat'><strong>5</strong></span> <span class='ocrx_word' id='word_1_134' title='bbox 1620 1957 1630 1986; x_wconf 89' lang='lat'>:</span> 
     </span>
     <span class='ocr_line' id='line_1_21' title="bbox 303 2020 1860 2085; baseline 0.001 -15"><span class='ocrx_word' id='word_1_135' title='bbox 303 2026 331 2048; x_wconf 93' lang='lat'><strong>“</strong></span> <span class='ocrx_word' id='word_1_136' title='bbox 347 2021 610 2085; x_wconf 86' lang='lat' dir='ltr'>Egregium</span> <span class='ocrx_word' id='word_1_137' title='bbox 634 2037 829 2070; x_wconf 90' lang='lat' dir='ltr'>versum</span> <span class='ocrx_word' id='word_1_138' title='bbox 855 2029 903 2069; x_wconf 90' lang='lat' dir='ltr'>et</span> <span class='ocrx_word' id='word_1_139' title='bbox 927 2020 1146 2084; x_wconf 91' lang='lat' dir='ltr'>dignum,</span> <span class='ocrx_word' id='word_1_140' title='bbox 1174 2023 1258 2084; x_wconf 92' lang='lat' dir='ltr'>qui</span> <span class='ocrx_word' id='word_1_141' title='bbox 1283 2037 1385 2070; x_wconf 91' lang='lat' dir='ltr'>non</span> <span class='ocrx_word' id='word_1_142' title='bbox 1410 2037 1438 2070; x_wconf 93' lang='lat' dir='ltr'>e</span> <span class='ocrx_word' id='word_1_143' title='bbox 1462 2023 1656 2084; x_wconf 85' lang='lat' dir='ltr'>pulpito</span> <span class='ocrx_word' id='word_1_144' title='bbox 1681 2021 1860 2072; x_wconf 90' lang='lat' dir='ltr'>exiret:</span> 
     </span>
     <span class='ocr_line' id='line_1_22' title="bbox 403 2102 1776 2167; baseline -0.001 -14"><span class='ocrx_word' id='word_1_145' title='bbox 403 2104 585 2154; x_wconf 91' lang='lat' dir='ltr'>‘Cuius</span> <span class='ocrx_word' id='word_1_146' title='bbox 620 2112 786 2167; x_wconf 91' lang='lat' dir='ltr'>potest</span> <span class='ocrx_word' id='word_1_147' title='bbox 820 2103 1058 2162; x_wconf 88' lang='lat' dir='ltr'>accidere,</span> <span class='ocrx_word' id='word_1_148' title='bbox 1097 2104 1235 2166; x_wconf 92' lang='lat' dir='ltr'>quod</span> <span class='ocrx_word' id='word_1_149' title='bbox 1270 2102 1503 2165; x_wconf 88' lang='lat' dir='ltr'>cuiquam</span> <span class='ocrx_word' id='word_1_150' title='bbox 1539 2103 1776 2166; x_wconf 87' lang='lat' dir='ltr'>potest.”’</span> 
     </span>
    </p>
   </div>
   <div class='ocr_carea' id='block_1_6' title="bbox 199 2198 1951 2506">
    <p class='ocr_par' dir='ltr' id='par_1_7' title="bbox 199 2198 1697 2262">
     <span class='ocr_line' id='line_1_23' title="bbox 199 2198 1697 2262; baseline -0.001 -12"><span class='ocrx_word' id='word_1_151' title='bbox 199 2199 474 2259; x_wconf 90' lang='lat' dir='ltr'>Suetonius,</span> <span class='ocrx_word' id='word_1_152' title='bbox 502 2200 764 2262; x_wconf 84' lang='lat' dir='ltr'>Fragment</span> <span class='ocrx_word' id='word_1_153' title='bbox 785 2200 837 2246; x_wconf 89' lang='lat' dir='ltr'>in</span> <span class='ocrx_word' id='word_1_154' title='bbox 850 2200 1043 2262; x_wconf 88' lang='lat' dir='ltr'>serome</span> <span class='ocrx_word' id='word_1_155' title='bbox 1074 2198 1248 2246; x_wconf 79' lang='lat' dir='ltr'>Chron.</span> <span class='ocrx_word' id='word_1_156' title='bbox 1282 2199 1468 2260; x_wconf 85' lang='lat' dir='ltr'>Olymp.</span> <span class='ocrx_word' id='word_1_157' title='bbox 1501 2199 1609 2257; x_wconf 89' lang='lat'>184,</span> <span class='ocrx_word' id='word_1_158' title='bbox 1639 2214 1663 2244; x_wconf 91' lang='lat'><strong>2</strong></span> <span class='ocrx_word' id='word_1_159' title='bbox 1687 2218 1697 2248; x_wconf 80' lang='lat' dir='ltr'><strong><em>z</em></strong></span> 
     </span>
    </p>

    <p class='ocr_par' dir='ltr' id='par_1_8' title="bbox 199 2278 1951 2506">
     <span class='ocr_line' id='line_1_24' title="bbox 304 2278 1951 2344; baseline 0 -15"><span class='ocrx_word' id='word_1_160' title='bbox 304 2280 568 2330; x_wconf 89' lang='lat' dir='ltr'>‘Laberius</span> <span class='ocrx_word' id='word_1_161' title='bbox 606 2282 876 2329; x_wconf 91' lang='lat' dir='ltr'>Mimorum</span> <span class='ocrx_word' id='word_1_162' title='bbox 914 2278 1132 2342; x_wconf 87' lang='lat' dir='ltr'>scriptor,</span> <span class='ocrx_word' id='word_1_163' title='bbox 1164 2278 1360 2329; x_wconf 91' lang='lat' dir='ltr'>decimo</span> <span class='ocrx_word' id='word_1_164' title='bbox 1394 2296 1562 2328; x_wconf 90' lang='lat' dir='ltr'>mense</span> <span class='ocrx_word' id='word_1_165' title='bbox 1591 2289 1704 2343; x_wconf 90' lang='lat' dir='ltr'>post</span> <span class='ocrx_word' id='word_1_166' title='bbox 1738 2281 1793 2330; x_wconf 90' lang='lat' dir='ltr'>C.</span> <span class='ocrx_word' id='word_1_167' title='bbox 1832 2280 1951 2344; x_wconf 92' lang='lat' dir='ltr'>Julii</span> 
     </span>
     <span class='ocr_line' id='line_1_25' title="bbox 200 2360 1949 2426; baseline -0.001 -14"><span class='ocrx_word' id='word_1_168' title='bbox 200 2362 422 2414; x_wconf 87' lang='lat' dir='ltr'>Caesaris</span> <span class='ocrx_word' id='word_1_169' title='bbox 454 2361 720 2422; x_wconf 90' lang='lat' dir='ltr'>interitum,</span> <span class='ocrx_word' id='word_1_170' title='bbox 757 2360 974 2410; x_wconf 91' lang='lat' dir='ltr'>Puteolis</span> <span class='ocrx_word' id='word_1_171' title='bbox 1007 2360 1223 2409; x_wconf 90' lang='lat' dir='ltr'>moritur.</span> <span class='ocrx_word' id='word_1_172' title='bbox 1298 2360 1537 2410; x_wconf 90' lang='lat' dir='ltr'>Publilius</span> <span class='ocrx_word' id='word_1_173' title='bbox 1571 2363 1949 2426; x_wconf 91' lang='lat' dir='ltr'>Mimographus</span> 
     </span>
     <span class='ocr_line' id='line_1_26' title="bbox 199 2441 1207 2506; baseline -0.002 -14"><span class='ocrx_word' id='word_1_174' title='bbox 199 2443 399 2493; x_wconf 91' lang='lat' dir='ltr'>natione</span> <span class='ocrx_word' id='word_1_175' title='bbox 424 2443 572 2506; x_wconf 91' lang='lat' dir='ltr'>Syrus</span> <span class='ocrx_word' id='word_1_176' title='bbox 596 2445 790 2492; x_wconf 86' lang='lat' dir='ltr'>Romae</span> <span class='ocrx_word' id='word_1_177' title='bbox 816 2457 1014 2490; x_wconf 88' lang='lat' dir='ltr'>scenam</span> <span class='ocrx_word' id='word_1_178' title='bbox 1040 2441 1207 2490; x_wconf 91' lang='lat' dir='ltr'>tenet.&#39;</span> 
     </span>
    </p>
   </div>
   <div class='ocr_carea' id='block_1_7' title="bbox 201 2543 1950 3093">
    <p class='ocr_par' dir='ltr' id='par_1_9' title="bbox 201 2543 1276 2609">
     <span class='ocr_line' id='line_1_27' title="bbox 201 2543 1276 2609; baseline 0 -16"><span class='ocrx_word' id='word_1_179' title='bbox 201 2545 356 2609; x_wconf 91' lang='lat' dir='ltr'>Pliny,</span> <span class='ocrx_word' id='word_1_180' title='bbox 382 2546 611 2594; x_wconf 86' lang='lat' dir='ltr'>Historia</span> <span class='ocrx_word' id='word_1_181' title='bbox 634 2545 911 2604; x_wconf 85' lang='lat' dir='ltr'>Naturalis,</span> <span class='ocrx_word' id='word_1_182' title='bbox 941 2545 984 2602; x_wconf 89' lang='lat'>8,</span> <span class='ocrx_word' id='word_1_183' title='bbox 1017 2558 1075 2606; x_wconf 92' lang='lat'>77</span> <span class='ocrx_word' id='word_1_184' title='bbox 1105 2543 1276 2608; x_wconf 86' lang='lat'>(209):</span> 
     </span>
    </p>

    <p class='ocr_par' dir='ltr' id='par_1_10' title="bbox 201 2624 1950 3093">
     <span class='ocr_line' id='line_1_28' title="bbox 305 2624 1950 2690; baseline -0.001 -14"><span class='ocrx_word' id='word_1_185' title='bbox 305 2632 316 2652; x_wconf 94' lang='lat'>‘</span> <span class='ocrx_word' id='word_1_186' title='bbox 332 2629 512 2690; x_wconf 88' lang='lat' dir='ltr'>Neque</span> <span class='ocrx_word' id='word_1_187' title='bbox 536 2626 633 2675; x_wconf 92' lang='lat' dir='ltr'>alio</span> <span class='ocrx_word' id='word_1_188' title='bbox 658 2643 719 2676; x_wconf 90' lang='lat' dir='ltr'>ex</span> <span class='ocrx_word' id='word_1_189' title='bbox 743 2625 942 2675; x_wconf 90' lang='lat' dir='ltr'>animali</span> <span class='ocrx_word' id='word_1_190' title='bbox 967 2624 1276 2674; x_wconf 90' lang='lat' dir='ltr'>numerosior</span> <span class='ocrx_word' id='word_1_191' title='bbox 1299 2625 1503 2675; x_wconf 91' lang='lat' dir='ltr'>materia</span> <span class='ocrx_word' id='word_1_192' title='bbox 1525 2643 1727 2690; x_wconf 89' lang='lat' dir='ltr'>ganeae.</span> <span class='ocrx_word' id='word_1_193' title='bbox 1795 2626 1950 2689; x_wconf 88' lang='lat' dir='ltr'>Quin-</span> 
     </span>
     <span class='ocr_line' id='line_1_29' title="bbox 201 2705 1947 2773; baseline 0 -16"><span class='ocrx_word' id='word_1_194' title='bbox 201 2707 436 2773; x_wconf 88' lang='lat' dir='ltr'>quaginta</span> <span class='ocrx_word' id='word_1_195' title='bbox 454 2724 609 2771; x_wconf 90' lang='lat' dir='ltr'>prope</span> <span class='ocrx_word' id='word_1_196' title='bbox 629 2723 841 2770; x_wconf 91' lang='lat' dir='ltr'>sapores,</span> <span class='ocrx_word' id='word_1_197' title='bbox 863 2723 977 2755; x_wconf 88' lang='lat' dir='ltr'>cum</span> <span class='ocrx_word' id='word_1_198' title='bbox 1002 2705 1175 2755; x_wconf 88' lang='lat' dir='ltr'>ceteris</span> <span class='ocrx_word' id='word_1_199' title='bbox 1201 2705 1389 2770; x_wconf 90' lang='lat' dir='ltr'>singuli.</span> <span class='ocrx_word' id='word_1_200' title='bbox 1455 2707 1593 2756; x_wconf 91' lang='lat' dir='ltr'>Hine</span> <span class='ocrx_word' id='word_1_201' title='bbox 1617 2707 1947 2757; x_wconf 89' lang='lat' dir='ltr'>censoriarum</span> 
     </span>
     <span class='ocr_line' id='line_1_30' title="bbox 201 2786 1946 2854; baseline -0.001 -15"><span class='ocrx_word' id='word_1_202' title='bbox 201 2792 364 2854; x_wconf 90' lang='lat' dir='ltr'>legum</span> <span class='ocrx_word' id='word_1_203' title='bbox 388 2790 597 2853; x_wconf 91' lang='lat' dir='ltr'>paginae</span> <span class='ocrx_word' id='word_1_204' title='bbox 621 2787 979 2850; x_wconf 87' lang='lat' dir='ltr'>interdictaque</span> <span class='ocrx_word' id='word_1_205' title='bbox 1003 2786 1140 2835; x_wconf 87' lang='lat' dir='ltr'>cenis</span> <span class='ocrx_word' id='word_1_206' title='bbox 1171 2786 1456 2849; x_wconf 90' lang='lat' dir='ltr'>abdomina,</span> <span class='ocrx_word' id='word_1_207' title='bbox 1482 2788 1693 2851; x_wconf 88' lang='lat' dir='ltr'>glandia,</span> <span class='ocrx_word' id='word_1_208' title='bbox 1721 2789 1946 2849; x_wconf 91' lang='lat' dir='ltr'>testiculi,</span> 
     </span>
     <span class='ocr_line' id='line_1_31' title="bbox 201 2867 1948 2933; baseline 0 -14"><span class='ocrx_word' id='word_1_209' title='bbox 201 2872 390 2930; x_wconf 89' lang='lat' dir='ltr'>vulvae,</span> <span class='ocrx_word' id='word_1_210' title='bbox 428 2868 654 2932; x_wconf 90' lang='lat' dir='ltr'>sincipita</span> <span class='ocrx_word' id='word_1_211' title='bbox 689 2868 892 2927; x_wconf 89' lang='lat' dir='ltr'>verrina,</span> <span class='ocrx_word' id='word_1_212' title='bbox 932 2877 986 2916; x_wconf 90' lang='lat' dir='ltr'>ut</span> <span class='ocrx_word' id='word_1_213' title='bbox 1027 2876 1194 2916; x_wconf 90' lang='lat' dir='ltr'>tamen</span> <span class='ocrx_word' id='word_1_214' title='bbox 1234 2867 1432 2917; x_wconf 90' lang='lat' dir='ltr'>Publilii</span> <span class='ocrx_word' id='word_1_215' title='bbox 1467 2869 1731 2918; x_wconf 90' lang='lat' dir='ltr'>mimorum</span> <span class='ocrx_word' id='word_1_216' title='bbox 1769 2880 1948 2933; x_wconf 93' lang='lat' dir='ltr'>poetae</span> 
     </span>
     <span class='ocr_line' id='line_1_32' title="bbox 203 2948 1948 3013; baseline -0.001 -13"><span class='ocrx_word' id='word_1_217' title='bbox 203 2967 343 3011; x_wconf 92' lang='lat' dir='ltr'>cena,</span> <span class='ocrx_word' id='word_1_218' title='bbox 391 2959 654 3013; x_wconf 91' lang='lat' dir='ltr'>postquam</span> <span class='ocrx_word' id='word_1_219' title='bbox 703 2948 984 2997; x_wconf 88' lang='lat' dir='ltr'>servitutem</span> <span class='ocrx_word' id='word_1_220' title='bbox 1042 2958 1253 3006; x_wconf 86' lang='lat' dir='ltr'>exuerat,</span> <span class='ocrx_word' id='word_1_221' title='bbox 1303 2949 1439 2997; x_wconf 90' lang='lat' dir='ltr'>nulla</span> <span class='ocrx_word' id='word_1_222' title='bbox 1492 2959 1789 2999; x_wconf 89' lang='lat' dir='ltr'>memoretur</span> <span class='ocrx_word' id='word_1_223' title='bbox 1842 2950 1948 3000; x_wconf 90' lang='lat' dir='ltr'>sine</span> 
     </span>
     <span class='ocr_line' id='line_1_33' title="bbox 204 3028 1688 3093; baseline -0.003 -11"><span class='ocrx_word' id='word_1_224' title='bbox 204 3030 486 3089; x_wconf 91' lang='lat' dir='ltr'>abdomine,</span> <span class='ocrx_word' id='word_1_225' title='bbox 523 3029 672 3079; x_wconf 91' lang='lat' dir='ltr'>etiam</span> <span class='ocrx_word' id='word_1_226' title='bbox 707 3031 951 3079; x_wconf 91' lang='lat' dir='ltr'>vocabulo</span> <span class='ocrx_word' id='word_1_227' title='bbox 987 3028 1192 3078; x_wconf 91' lang='lat' dir='ltr'>suminis</span> <span class='ocrx_word' id='word_1_228' title='bbox 1227 3029 1292 3078; x_wconf 89' lang='lat' dir='ltr'>ab</span> <span class='ocrx_word' id='word_1_229' title='bbox 1328 3045 1388 3079; x_wconf 93' lang='lat' dir='ltr'>eo</span> <span class='ocrx_word' id='word_1_230' title='bbox 1422 3029 1688 3093; x_wconf 68' lang='lat' dir='ltr'>imposito.²</span> 
     </span>
    </p>
   </div>
  </div>
 </body>
</html>
